%YAML 1.1
%TAG !u! tag:unity3d.com,2011:
--- !u!29 &1
SceneSettings:
  m_ObjectHideFlags: 0
  m_PVSData: 
  m_PVSObjectsArray: []
  m_PVSPortalsArray: []
  m_OcclusionBakeSettings:
    smallestOccluder: 5
    smallestHole: .25
    backfaceThreshold: 100
--- !u!104 &2
RenderSettings:
  m_Fog: 0
  m_FogColor: {r: .5, g: .5, b: .5, a: 1}
  m_FogMode: 3
  m_FogDensity: .00999999978
  m_LinearFogStart: 0
  m_LinearFogEnd: 300
  m_AmbientLight: {r: .200000003, g: .200000003, b: .200000003, a: 1}
  m_SkyboxMaterial: {fileID: 0}
  m_HaloStrength: .5
  m_FlareStrength: 1
  m_FlareFadeSpeed: 3
  m_HaloTexture: {fileID: 0}
  m_SpotCookie: {fileID: 0}
  m_ObjectHideFlags: 0
--- !u!127 &3
LevelGameManager:
  m_ObjectHideFlags: 0
--- !u!157 &4
LightmapSettings:
  m_ObjectHideFlags: 0
  m_LightProbes: {fileID: 0}
  m_Lightmaps: []
  m_LightmapsMode: 1
  m_BakedColorSpace: 0
  m_UseDualLightmapsInForward: 0
  m_LightmapEditorSettings:
    m_Resolution: 50
    m_LastUsedResolution: 0
    m_TextureWidth: 1024
    m_TextureHeight: 1024
    m_BounceBoost: 1
    m_BounceIntensity: 1
    m_SkyLightColor: {r: .860000014, g: .930000007, b: 1, a: 1}
    m_SkyLightIntensity: 0
    m_Quality: 0
    m_Bounces: 1
    m_FinalGatherRays: 1000
    m_FinalGatherContrastThreshold: .0500000007
    m_FinalGatherGradientThreshold: 0
    m_FinalGatherInterpolationPoints: 15
    m_AOAmount: 0
    m_AOMaxDistance: .100000001
    m_AOContrast: 1
    m_LODSurfaceMappingDistance: 1
    m_Padding: 0
    m_TextureCompression: 0
    m_LockAtlas: 0
--- !u!196 &5
NavMeshSettings:
  m_ObjectHideFlags: 0
  m_BuildSettings:
    agentRadius: .5
    agentHeight: 2
    agentSlope: 45
    agentClimb: .400000006
    ledgeDropHeight: 0
    maxJumpAcrossDistance: 0
    accuratePlacement: 0
    minRegionArea: 2
    widthInaccuracy: 16.666666
    heightInaccuracy: 10
  m_NavMesh: {fileID: 0}
--- !u!1 &371899716
GameObject:
  m_ObjectHideFlags: 0
  m_PrefabParentObject: {fileID: 0}
  m_PrefabInternal: {fileID: 0}
  serializedVersion: 4
  m_Component:
  - 4: {fileID: 371899723}
  - 23: {fileID: 371899722}
  - 33: {fileID: 371899721}
  - 114: {fileID: 371899720}
  - 58: {fileID: 371899719}
  - 50: {fileID: 371899718}
  - 114: {fileID: 371899717}
  m_Layer: 0
  m_Name: Kinematic body
  m_TagString: Untagged
  m_Icon: {fileID: 0}
  m_NavMeshLayer: 0
  m_StaticEditorFlags: 0
  m_IsActive: 1
--- !u!114 &371899717
MonoBehaviour:
  m_ObjectHideFlags: 0
  m_PrefabParentObject: {fileID: 0}
  m_PrefabInternal: {fileID: 0}
  m_GameObject: {fileID: 371899716}
  m_Enabled: 1
  m_EditorHideFlags: 0
  m_Script: {fileID: 11500000, guid: 813c3831a8b4eb34ab696a015299742e, type: 3}
  m_Name: 
  m_EditorClassIdentifier: 
  velocity: {x: 0, y: 0, z: 0}
  acceleration: {x: 0, y: 0, z: 0}
--- !u!50 &371899718
Rigidbody2D:
  m_ObjectHideFlags: 0
  m_PrefabParentObject: {fileID: 0}
  m_PrefabInternal: {fileID: 0}
  m_GameObject: {fileID: 371899716}
  m_Mass: 1
  m_LinearDrag: 0
  m_AngularDrag: .0500000007
  m_GravityScale: 1
  m_FixedAngle: 0
  m_IsKinematic: 1
  m_Interpolate: 0
  m_SleepingMode: 1
  m_CollisionDetection: 0
--- !u!58 &371899719
CircleCollider2D:
  m_ObjectHideFlags: 0
  m_PrefabParentObject: {fileID: 0}
  m_PrefabInternal: {fileID: 0}
  m_GameObject: {fileID: 371899716}
  m_Enabled: 1
  m_Material: {fileID: 0}
  m_IsTrigger: 0
  m_Radius: 45
  m_Center: {x: 0, y: 0}
--- !u!114 &371899720
MonoBehaviour:
  m_ObjectHideFlags: 0
  m_PrefabParentObject: {fileID: 0}
  m_PrefabInternal: {fileID: 0}
  m_GameObject: {fileID: 371899716}
  m_Enabled: 1
  m_EditorHideFlags: 0
  m_Script: {fileID: 11500000, guid: e25b13bb4c666496cac8fcc884b522be, type: 3}
  m_Name: 
  m_EditorClassIdentifier: 
--- !u!33 &371899721
MeshFilter:
  m_ObjectHideFlags: 0
  m_PrefabParentObject: {fileID: 0}
  m_PrefabInternal: {fileID: 0}
  m_GameObject: {fileID: 371899716}
  m_Mesh: {fileID: 4300000, guid: f9b0520f7be103449809f0701289c1cf, type: 2}
--- !u!23 &371899722
Renderer:
  m_ObjectHideFlags: 0
  m_PrefabParentObject: {fileID: 0}
  m_PrefabInternal: {fileID: 0}
  m_GameObject: {fileID: 371899716}
  m_Enabled: 1
  m_CastShadows: 0
  m_ReceiveShadows: 0
  m_LightmapIndex: 255
  m_LightmapTilingOffset: {x: 1, y: 1, z: 0, w: 0}
  m_Materials:
  - {fileID: 2100000, guid: 3d1945a4d99982443aa6623bdfe06e89, type: 2}
  m_SubsetIndices: 
  m_StaticBatchRoot: {fileID: 0}
  m_UseLightProbes: 0
  m_LightProbeAnchor: {fileID: 0}
  m_ScaleInLightmap: 1
  m_SortingLayerID: 0
  m_SortingOrder: 0
--- !u!4 &371899723
Transform:
  m_ObjectHideFlags: 0
  m_PrefabParentObject: {fileID: 0}
  m_PrefabInternal: {fileID: 0}
  m_GameObject: {fileID: 371899716}
  m_LocalRotation: {x: 0, y: 0, z: 0, w: 1}
  m_LocalPosition: {x: -208, y: 60, z: -10}
  m_LocalScale: {x: 1, y: 1, z: 1}
  m_Children: []
  m_Father: {fileID: 0}
  m_RootOrder: 4
--- !u!1 &789525218
GameObject:
  m_ObjectHideFlags: 0
  m_PrefabParentObject: {fileID: 0}
  m_PrefabInternal: {fileID: 0}
  serializedVersion: 4
  m_Component:
  - 4: {fileID: 789525219}
  - 33: {fileID: 789525221}
  - 23: {fileID: 789525220}
  m_Layer: 0
  m_Name: Water
  m_TagString: Untagged
  m_Icon: {fileID: 0}
  m_NavMeshLayer: 0
  m_StaticEditorFlags: 0
  m_IsActive: 1
--- !u!4 &789525219
Transform:
  m_ObjectHideFlags: 0
  m_PrefabParentObject: {fileID: 0}
  m_PrefabInternal: {fileID: 0}
  m_GameObject: {fileID: 789525218}
  m_LocalRotation: {x: 0, y: 0, z: 0, w: 1}
  m_LocalPosition: {x: 0, y: 0, z: -150}
  m_LocalScale: {x: 1, y: 1, z: 1}
  m_Children: []
  m_Father: {fileID: 1946182917}
  m_RootOrder: 1
--- !u!23 &789525220
Renderer:
  m_ObjectHideFlags: 0
  m_PrefabParentObject: {fileID: 0}
  m_PrefabInternal: {fileID: 0}
  m_GameObject: {fileID: 789525218}
  m_Enabled: 1
  m_CastShadows: 1
  m_ReceiveShadows: 1
  m_LightmapIndex: 255
  m_LightmapTilingOffset: {x: 1, y: 1, z: 0, w: 0}
  m_Materials:
  - {fileID: 2100000, guid: f9b08f95839ed7747a5cd4a726556f46, type: 2}
  m_SubsetIndices: 
  m_StaticBatchRoot: {fileID: 0}
  m_UseLightProbes: 0
  m_LightProbeAnchor: {fileID: 0}
  m_ScaleInLightmap: 1
  m_SortingLayerID: 0
  m_SortingOrder: 0
--- !u!33 &789525221
MeshFilter:
  m_ObjectHideFlags: 0
  m_PrefabParentObject: {fileID: 0}
  m_PrefabInternal: {fileID: 0}
  m_GameObject: {fileID: 789525218}
  m_Mesh: {fileID: 10210, guid: 0000000000000000e000000000000000, type: 0}
--- !u!1 &1350325270
GameObject:
  m_ObjectHideFlags: 0
  m_PrefabParentObject: {fileID: 0}
  m_PrefabInternal: {fileID: 0}
  serializedVersion: 4
  m_Component:
  - 4: {fileID: 1350325271}
  - 23: {fileID: 1350325273}
  - 33: {fileID: 1350325272}
  - 114: {fileID: 1350325275}
  - 58: {fileID: 1350325274}
  - 50: {fileID: 1350325276}
  - 114: {fileID: 1350325277}
  m_Layer: 0
  m_Name: Kinematic body
  m_TagString: Untagged
  m_Icon: {fileID: 0}
  m_NavMeshLayer: 0
  m_StaticEditorFlags: 0
  m_IsActive: 1
--- !u!4 &1350325271
Transform:
  m_ObjectHideFlags: 0
  m_PrefabParentObject: {fileID: 0}
  m_PrefabInternal: {fileID: 0}
  m_GameObject: {fileID: 1350325270}
  m_LocalRotation: {x: 0, y: 0, z: 0, w: 1}
  m_LocalPosition: {x: 0, y: 60, z: -10}
  m_LocalScale: {x: 1, y: 1, z: 1}
  m_Children: []
  m_Father: {fileID: 0}
  m_RootOrder: 3
--- !u!33 &1350325272
MeshFilter:
  m_ObjectHideFlags: 0
  m_PrefabParentObject: {fileID: 0}
  m_PrefabInternal: {fileID: 0}
  m_GameObject: {fileID: 1350325270}
  m_Mesh: {fileID: 4300000, guid: f9b0520f7be103449809f0701289c1cf, type: 2}
--- !u!23 &1350325273
Renderer:
  m_ObjectHideFlags: 0
  m_PrefabParentObject: {fileID: 0}
  m_PrefabInternal: {fileID: 0}
  m_GameObject: {fileID: 1350325270}
  m_Enabled: 1
  m_CastShadows: 0
  m_ReceiveShadows: 0
  m_LightmapIndex: 255
  m_LightmapTilingOffset: {x: 1, y: 1, z: 0, w: 0}
  m_Materials:
  - {fileID: 2100000, guid: 3d1945a4d99982443aa6623bdfe06e89, type: 2}
  m_SubsetIndices: 
  m_StaticBatchRoot: {fileID: 0}
  m_UseLightProbes: 0
  m_LightProbeAnchor: {fileID: 0}
  m_ScaleInLightmap: 1
  m_SortingLayerID: 0
  m_SortingOrder: 0
--- !u!58 &1350325274
CircleCollider2D:
  m_ObjectHideFlags: 0
  m_PrefabParentObject: {fileID: 0}
  m_PrefabInternal: {fileID: 0}
  m_GameObject: {fileID: 1350325270}
  m_Enabled: 1
  m_Material: {fileID: 0}
  m_IsTrigger: 0
  m_Radius: 45
  m_Center: {x: 0, y: 0}
--- !u!114 &1350325275
MonoBehaviour:
  m_ObjectHideFlags: 0
  m_PrefabParentObject: {fileID: 0}
  m_PrefabInternal: {fileID: 0}
  m_GameObject: {fileID: 1350325270}
  m_Enabled: 1
  m_EditorHideFlags: 0
  m_Script: {fileID: 11500000, guid: e25b13bb4c666496cac8fcc884b522be, type: 3}
  m_Name: 
  m_EditorClassIdentifier: 
--- !u!50 &1350325276
Rigidbody2D:
  m_ObjectHideFlags: 0
  m_PrefabParentObject: {fileID: 0}
  m_PrefabInternal: {fileID: 0}
  m_GameObject: {fileID: 1350325270}
  m_Mass: 1
  m_LinearDrag: 0
  m_AngularDrag: .0500000007
  m_GravityScale: 1
  m_FixedAngle: 0
  m_IsKinematic: 1
  m_Interpolate: 0
  m_SleepingMode: 1
  m_CollisionDetection: 0
--- !u!114 &1350325277
MonoBehaviour:
  m_ObjectHideFlags: 0
  m_PrefabParentObject: {fileID: 0}
  m_PrefabInternal: {fileID: 0}
  m_GameObject: {fileID: 1350325270}
  m_Enabled: 1
  m_EditorHideFlags: 0
  m_Script: {fileID: 11500000, guid: 813c3831a8b4eb34ab696a015299742e, type: 3}
  m_Name: 
  m_EditorClassIdentifier: 
  velocity: {x: 0, y: 0, z: 0}
  acceleration: {x: 0, y: 0, z: 0}
--- !u!1 &1657847093
GameObject:
  m_ObjectHideFlags: 0
  m_PrefabParentObject: {fileID: 0}
  m_PrefabInternal: {fileID: 0}
  serializedVersion: 4
  m_Component:
  - 4: {fileID: 1657847096}
  - 23: {fileID: 1657847095}
  - 33: {fileID: 1657847094}
  m_Layer: 0
  m_Name: BkgObject
  m_TagString: Untagged
  m_Icon: {fileID: 0}
  m_NavMeshLayer: 0
  m_StaticEditorFlags: 0
  m_IsActive: 1
--- !u!33 &1657847094
MeshFilter:
  m_ObjectHideFlags: 0
  m_PrefabParentObject: {fileID: 0}
  m_PrefabInternal: {fileID: 0}
  m_GameObject: {fileID: 1657847093}
  m_Mesh: {fileID: 4300000, guid: f9b0520f7be103449809f0701289c1cf, type: 2}
--- !u!23 &1657847095
Renderer:
  m_ObjectHideFlags: 0
  m_PrefabParentObject: {fileID: 0}
  m_PrefabInternal: {fileID: 0}
  m_GameObject: {fileID: 1657847093}
  m_Enabled: 1
  m_CastShadows: 0
  m_ReceiveShadows: 0
  m_LightmapIndex: 255
  m_LightmapTilingOffset: {x: 1, y: 1, z: 0, w: 0}
  m_Materials:
  - {fileID: 2100000, guid: 3d1945a4d99982443aa6623bdfe06e89, type: 2}
  m_SubsetIndices: 
  m_StaticBatchRoot: {fileID: 0}
  m_UseLightProbes: 0
  m_LightProbeAnchor: {fileID: 0}
  m_ScaleInLightmap: 1
  m_SortingLayerID: 0
  m_SortingOrder: 0
--- !u!4 &1657847096
Transform:
  m_ObjectHideFlags: 0
  m_PrefabParentObject: {fileID: 0}
  m_PrefabInternal: {fileID: 0}
  m_GameObject: {fileID: 1657847093}
  m_LocalRotation: {x: 0, y: 0, z: 0, w: 1}
  m_LocalPosition: {x: 340.700012, y: -80.6999969, z: 10}
  m_LocalScale: {x: 4, y: 4, z: 1}
  m_Children: []
  m_Father: {fileID: 0}
  m_RootOrder: 2
--- !u!1001 &1871982435
Prefab:
  m_ObjectHideFlags: 0
  serializedVersion: 2
  m_Modification:
    m_TransformParent: {fileID: 1946182917}
    m_Modifications:
    - target: {fileID: 400000, guid: 8600316ae23e146108aa156f81a2d56f, type: 2}
      propertyPath: m_LocalPosition.x
      value: -.0513599738
      objectReference: {fileID: 0}
    - target: {fileID: 400000, guid: 8600316ae23e146108aa156f81a2d56f, type: 2}
      propertyPath: m_LocalPosition.y
      value: .77565378
      objectReference: {fileID: 0}
    - target: {fileID: 400000, guid: 8600316ae23e146108aa156f81a2d56f, type: 2}
      propertyPath: m_LocalPosition.z
      value: 0
      objectReference: {fileID: 0}
    - target: {fileID: 400000, guid: 8600316ae23e146108aa156f81a2d56f, type: 2}
      propertyPath: m_LocalRotation.x
      value: 0
      objectReference: {fileID: 0}
    - target: {fileID: 400000, guid: 8600316ae23e146108aa156f81a2d56f, type: 2}
      propertyPath: m_LocalRotation.y
      value: 0
      objectReference: {fileID: 0}
    - target: {fileID: 400000, guid: 8600316ae23e146108aa156f81a2d56f, type: 2}
      propertyPath: m_LocalRotation.z
      value: 0
      objectReference: {fileID: 0}
    - target: {fileID: 400000, guid: 8600316ae23e146108aa156f81a2d56f, type: 2}
      propertyPath: m_LocalRotation.w
      value: 1
      objectReference: {fileID: 0}
    - target: {fileID: 400000, guid: 8600316ae23e146108aa156f81a2d56f, type: 2}
      propertyPath: m_RootOrder
      value: 0
      objectReference: {fileID: 0}
    - target: {fileID: 1500000, guid: 8600316ae23e146108aa156f81a2d56f, type: 2}
      propertyPath: minSize
      value: 10
      objectReference: {fileID: 0}
    - target: {fileID: 1500000, guid: 8600316ae23e146108aa156f81a2d56f, type: 2}
      propertyPath: maxSize
      value: 15
      objectReference: {fileID: 0}
    - target: {fileID: 1500000, guid: 8600316ae23e146108aa156f81a2d56f, type: 2}
      propertyPath: tangentVelocity.z
      value: 0
      objectReference: {fileID: 0}
    - target: {fileID: 1500000, guid: 8600316ae23e146108aa156f81a2d56f, type: 2}
      propertyPath: tangentVelocity.y
      value: 1.03214204
      objectReference: {fileID: 0}
    - target: {fileID: 1500000, guid: 8600316ae23e146108aa156f81a2d56f, type: 2}
      propertyPath: m_Ellipsoid.z
      value: 0
      objectReference: {fileID: 0}
    - target: {fileID: 1500000, guid: 8600316ae23e146108aa156f81a2d56f, type: 2}
      propertyPath: m_Ellipsoid.y
      value: .100000001
      objectReference: {fileID: 0}
    - target: {fileID: 2600000, guid: 8600316ae23e146108aa156f81a2d56f, type: 2}
      propertyPath: m_StretchParticles
      value: 0
      objectReference: {fileID: 0}
    - target: {fileID: 1500000, guid: 8600316ae23e146108aa156f81a2d56f, type: 2}
      propertyPath: worldVelocity.y
      value: 20
      objectReference: {fileID: 0}
    - target: {fileID: 1500000, guid: 8600316ae23e146108aa156f81a2d56f, type: 2}
      propertyPath: rndVelocity.x
      value: 100
      objectReference: {fileID: 0}
    - target: {fileID: 1200000, guid: 8600316ae23e146108aa156f81a2d56f, type: 2}
      propertyPath: force.y
      value: -450
      objectReference: {fileID: 0}
    - target: {fileID: 1500000, guid: 8600316ae23e146108aa156f81a2d56f, type: 2}
      propertyPath: minEnergy
      value: .5
      objectReference: {fileID: 0}
    - target: {fileID: 1500000, guid: 8600316ae23e146108aa156f81a2d56f, type: 2}
      propertyPath: maxEnergy
      value: 1
      objectReference: {fileID: 0}
    - target: {fileID: 1500000, guid: 8600316ae23e146108aa156f81a2d56f, type: 2}
      propertyPath: emitterVelocityScale
      value: .5
      objectReference: {fileID: 0}
    - target: {fileID: 1500000, guid: 8600316ae23e146108aa156f81a2d56f, type: 2}
      propertyPath: minEmission
      value: 50
      objectReference: {fileID: 0}
    - target: {fileID: 1500000, guid: 8600316ae23e146108aa156f81a2d56f, type: 2}
      propertyPath: maxEmission
      value: 75
      objectReference: {fileID: 0}
    - target: {fileID: 400000, guid: 8600316ae23e146108aa156f81a2d56f, type: 2}
      propertyPath: m_LocalScale.x
      value: .00111111114
      objectReference: {fileID: 0}
    - target: {fileID: 400000, guid: 8600316ae23e146108aa156f81a2d56f, type: 2}
      propertyPath: m_LocalScale.y
      value: .00333333341
      objectReference: {fileID: 0}
    - target: {fileID: 100000, guid: 8600316ae23e146108aa156f81a2d56f, type: 2}
      propertyPath: m_Name
      value: SplashEmitter
      objectReference: {fileID: 0}
    - target: {fileID: 100000, guid: 8600316ae23e146108aa156f81a2d56f, type: 2}
      propertyPath: m_IsActive
      value: 1
      objectReference: {fileID: 0}
    - target: {fileID: 1500000, guid: 8600316ae23e146108aa156f81a2d56f, type: 2}
      propertyPath: m_Emit
      value: 0
      objectReference: {fileID: 0}
    - target: {fileID: 2600000, guid: 8600316ae23e146108aa156f81a2d56f, type: 2}
      propertyPath: m_Materials.Array.data[0]
      value: 
      objectReference: {fileID: 2100000, guid: c56976e3e4456f046b9cae8b0281664d, type: 2}
    - target: {fileID: 1200000, guid: 8600316ae23e146108aa156f81a2d56f, type: 2}
      propertyPath: colorAnimation[0].rgba
      value: 16777215
      objectReference: {fileID: 0}
    - target: {fileID: 1200000, guid: 8600316ae23e146108aa156f81a2d56f, type: 2}
      propertyPath: colorAnimation[1].rgba
      value: 3489660927
      objectReference: {fileID: 0}
    - target: {fileID: 1200000, guid: 8600316ae23e146108aa156f81a2d56f, type: 2}
      propertyPath: colorAnimation[2].rgba
      value: 3825205247
      objectReference: {fileID: 0}
    - target: {fileID: 1200000, guid: 8600316ae23e146108aa156f81a2d56f, type: 2}
      propertyPath: colorAnimation[3].rgba
      value: 2902458367
      objectReference: {fileID: 0}
    - target: {fileID: 1200000, guid: 8600316ae23e146108aa156f81a2d56f, type: 2}
      propertyPath: colorAnimation[4].rgba
      value: 16777215
      objectReference: {fileID: 0}
    - target: {fileID: 1200000, guid: 8600316ae23e146108aa156f81a2d56f, type: 2}
      propertyPath: sizeGrow
      value: .25
      objectReference: {fileID: 0}
    m_RemovedComponents: []
  m_ParentPrefab: {fileID: 100100000, guid: 8600316ae23e146108aa156f81a2d56f, type: 2}
  m_RootGameObject: {fileID: 2073678135}
  m_IsPrefabParent: 0
  m_IsExploded: 1
--- !u!1 &1946182912
GameObject:
  m_ObjectHideFlags: 0
  m_PrefabParentObject: {fileID: 0}
  m_PrefabInternal: {fileID: 0}
  serializedVersion: 4
  m_Component:
  - 4: {fileID: 1946182917}
  - 33: {fileID: 1946182916}
  - 23: {fileID: 1946182914}
  - 114: {fileID: 1946182913}
  m_Layer: 0
  m_Name: Aquarium
  m_TagString: Untagged
  m_Icon: {fileID: 0}
  m_NavMeshLayer: 0
  m_StaticEditorFlags: 0
  m_IsActive: 1
--- !u!114 &1946182913
MonoBehaviour:
  m_ObjectHideFlags: 0
  m_PrefabParentObject: {fileID: 0}
  m_PrefabInternal: {fileID: 0}
  m_GameObject: {fileID: 1946182912}
  m_Enabled: 1
  m_EditorHideFlags: 0
  m_Script: {fileID: 11500000, guid: 2153a6d30c90bf246b14cc6e303504d2, type: 3}
  m_Name: 
  m_EditorClassIdentifier: 
  AntialiasSize: 5
  WaveResolution: 256
  VelocityLimit: 40
  TimeScale: 20
  IterationsPerFrame: 1
  Damping: .0500000007
  Tension: {x: .75, y: .25}
  InfluenceAttenuationLength: 50
  CollisionVelocityScale: {x: .25, y: .25}
  SplashSizeMin: 10
  SplashSizeMax: 15
  SplashEnergyMin: .400000006
  SplashEnergyMax: .600000024
  SplashMinVelocity: 5
  SplashSpeedScale: 5
  WaterTexFPS: 15
  WaterTexPath: Graphics/anim_water
  WaterLayerPrefix: Water
--- !u!23 &1946182914
Renderer:
  m_ObjectHideFlags: 0
  m_PrefabParentObject: {fileID: 0}
  m_PrefabInternal: {fileID: 0}
  m_GameObject: {fileID: 1946182912}
  m_Enabled: 1
  m_CastShadows: 1
  m_ReceiveShadows: 1
  m_LightmapIndex: 255
  m_LightmapTilingOffset: {x: 1, y: 1, z: 0, w: 0}
  m_Materials:
  - {fileID: 2100000, guid: f4a28dcecfd99d147bf0a0b1129ff774, type: 2}
  m_SubsetIndices: 
  m_StaticBatchRoot: {fileID: 0}
  m_UseLightProbes: 0
  m_LightProbeAnchor: {fileID: 0}
  m_ScaleInLightmap: 1
  m_SortingLayerID: 0
  m_SortingOrder: 0
--- !u!33 &1946182916
MeshFilter:
  m_ObjectHideFlags: 0
  m_PrefabParentObject: {fileID: 0}
  m_PrefabInternal: {fileID: 0}
  m_GameObject: {fileID: 1946182912}
  m_Mesh: {fileID: 10210, guid: 0000000000000000e000000000000000, type: 0}
--- !u!4 &1946182917
Transform:
  m_ObjectHideFlags: 0
  m_PrefabParentObject: {fileID: 0}
  m_PrefabInternal: {fileID: 0}
  m_GameObject: {fileID: 1946182912}
  m_LocalRotation: {x: 0, y: 0, z: 0, w: 1}
  m_LocalPosition: {x: 3, y: -91, z: 0}
  m_LocalScale: {x: 900, y: 300, z: 1}
  m_Children:
  - {fileID: 2073678139}
  - {fileID: 789525219}
  m_Father: {fileID: 0}
  m_RootOrder: 1
--- !u!1 &2007298014
GameObject:
  m_ObjectHideFlags: 0
  m_PrefabParentObject: {fileID: 0}
  m_PrefabInternal: {fileID: 0}
  serializedVersion: 4
  m_Component:
  - 4: {fileID: 2007298019}
  - 20: {fileID: 2007298018}
  - 92: {fileID: 2007298017}
  - 124: {fileID: 2007298016}
  - 81: {fileID: 2007298015}
  - 114: {fileID: 2007298020}
  m_Layer: 0
  m_Name: Main Camera
  m_TagString: MainCamera
  m_Icon: {fileID: 0}
  m_NavMeshLayer: 0
  m_StaticEditorFlags: 0
  m_IsActive: 1
--- !u!81 &2007298015
AudioListener:
  m_ObjectHideFlags: 0
  m_PrefabParentObject: {fileID: 0}
  m_PrefabInternal: {fileID: 0}
  m_GameObject: {fileID: 2007298014}
  m_Enabled: 1
--- !u!124 &2007298016
Behaviour:
  m_ObjectHideFlags: 0
  m_PrefabParentObject: {fileID: 0}
  m_PrefabInternal: {fileID: 0}
  m_GameObject: {fileID: 2007298014}
  m_Enabled: 1
--- !u!92 &2007298017
Behaviour:
  m_ObjectHideFlags: 0
  m_PrefabParentObject: {fileID: 0}
  m_PrefabInternal: {fileID: 0}
  m_GameObject: {fileID: 2007298014}
  m_Enabled: 1
--- !u!20 &2007298018
Camera:
  m_ObjectHideFlags: 0
  m_PrefabParentObject: {fileID: 0}
  m_PrefabInternal: {fileID: 0}
  m_GameObject: {fileID: 2007298014}
  m_Enabled: 1
  serializedVersion: 2
  m_ClearFlags: 1
  m_BackGroundColor: {r: .192156866, g: .301960796, b: .474509805, a: .0196078438}
  m_NormalizedViewPortRect:
    serializedVersion: 2
    x: 0
    y: 0
    width: 1
    height: 1
  near clip plane: .300000012
  far clip plane: 1000
  field of view: 60
  orthographic: 1
  orthographic size: 200
  m_Depth: -1
  m_CullingMask:
    serializedVersion: 2
    m_Bits: 4294967295
  m_RenderingPath: -1
  m_TargetTexture: {fileID: 0}
  m_TargetDisplay: 0
  m_HDR: 0
  m_OcclusionCulling: 1
  m_StereoConvergence: 10
  m_StereoSeparation: .0219999999
--- !u!4 &2007298019
Transform:
  m_ObjectHideFlags: 0
  m_PrefabParentObject: {fileID: 0}
  m_PrefabInternal: {fileID: 0}
  m_GameObject: {fileID: 2007298014}
  m_LocalRotation: {x: 0, y: 0, z: 0, w: 1}
  m_LocalPosition: {x: 0, y: 0, z: -200}
  m_LocalScale: {x: 1, y: 1, z: 1}
  m_Children: []
  m_Father: {fileID: 0}
  m_RootOrder: 0
--- !u!114 &2007298020
MonoBehaviour:
  m_ObjectHideFlags: 0
  m_PrefabParentObject: {fileID: 0}
  m_PrefabInternal: {fileID: 0}
  m_GameObject: {fileID: 2007298014}
  m_Enabled: 1
  m_EditorHideFlags: 0
  m_Script: {fileID: 11500000, guid: d12c3a7d06cb245ccbcfb90a8e15463b, type: 3}
  m_Name: 
  m_EditorClassIdentifier: 
  isShowFps: 1
  updateInterval: .25
  fontSize: 32
--- !u!1 &2073678135
GameObject:
  m_ObjectHideFlags: 0
  m_PrefabParentObject: {fileID: 100000, guid: 8600316ae23e146108aa156f81a2d56f, type: 2}
  m_PrefabInternal: {fileID: 1871982435}
  serializedVersion: 4
  m_Component:
  - 4: {fileID: 2073678139}
  - 15: {fileID: 2073678138}
  - 12: {fileID: 2073678137}
  - 26: {fileID: 2073678136}
  m_Layer: 0
  m_Name: SplashEmitter
  m_TagString: Untagged
  m_Icon: {fileID: 0}
  m_NavMeshLayer: 0
  m_StaticEditorFlags: 0
  m_IsActive: 1
--- !u!26 &2073678136
ParticleRenderer:
  m_ObjectHideFlags: 0
  m_PrefabParentObject: {fileID: 2600000, guid: 8600316ae23e146108aa156f81a2d56f,
    type: 2}
  m_PrefabInternal: {fileID: 1871982435}
  m_GameObject: {fileID: 2073678135}
  m_Enabled: 1
  m_CastShadows: 1
  m_ReceiveShadows: 1
  m_LightmapIndex: 255
  m_LightmapTilingOffset: {x: 1, y: 1, z: 0, w: 0}
  m_Materials:
  - {fileID: 2100000, guid: c56976e3e4456f046b9cae8b0281664d, type: 2}
  m_SubsetIndices: 
  m_StaticBatchRoot: {fileID: 0}
  m_UseLightProbes: 0
  m_LightProbeAnchor: {fileID: 0}
  m_ScaleInLightmap: 1
  m_SortingLayerID: 0
  m_SortingOrder: 0
  serializedVersion: 2
  m_CameraVelocityScale: 0
  m_StretchParticles: 0
  m_LengthScale: 2
  m_VelocityScale: 0
  m_MaxParticleSize: 1
  UV Animation:
    x Tile: 1
    y Tile: 1
    cycles: 1
--- !u!12 &2073678137
ParticleAnimator:
  m_ObjectHideFlags: 0
  m_PrefabParentObject: {fileID: 1200000, guid: 8600316ae23e146108aa156f81a2d56f,
    type: 2}
  m_PrefabInternal: {fileID: 1871982435}
  m_GameObject: {fileID: 2073678135}
  Does Animate Color?: 1
  colorAnimation[0]:
    serializedVersion: 2
    rgba: 16777215
  colorAnimation[1]:
    serializedVersion: 2
    rgba: 3489660927
  colorAnimation[2]:
    serializedVersion: 2
    rgba: 3825205247
  colorAnimation[3]:
    serializedVersion: 2
    rgba: 2902458367
  colorAnimation[4]:
    serializedVersion: 2
    rgba: 16777215
  worldRotationAxis: {x: 0, y: 0, z: 0}
  localRotationAxis: {x: 0, y: 0, z: 0}
  sizeGrow: .25
  rndForce: {x: .432426393, y: 0, z: .494113624}
  force: {x: 0, y: -450, z: 0}
  damping: 1
  stopSimulation: 0
  autodestruct: 0
--- !u!15 &2073678138
EllipsoidParticleEmitter:
  m_ObjectHideFlags: 0
  m_PrefabParentObject: {fileID: 1500000, guid: 8600316ae23e146108aa156f81a2d56f,
    type: 2}
  m_PrefabInternal: {fileID: 1871982435}
  m_GameObject: {fileID: 2073678135}
  serializedVersion: 2
  m_Enabled: 1
  m_Emit: 0
  minSize: 10
  maxSize: 15
  minEnergy: .5
  maxEnergy: 1
  minEmission: 50
  maxEmission: 75
  worldVelocity: {x: 0, y: 20, z: 0}
  localVelocity: {x: 0, y: 0, z: 0}
  rndVelocity: {x: 100, y: 0, z: 0}
  emitterVelocityScale: .5
  tangentVelocity: {x: 0, y: 1.03214204, z: 0}
  angularVelocity: .0848527849
  rndAngularVelocity: .464298248
  rndRotation: 1
  Simulate in Worldspace?: 1
  m_OneShot: 0
  m_Ellipsoid: {x: .100000001, y: .100000001, z: 0}
  m_MinEmitterRange: 0
--- !u!4 &2073678139
Transform:
  m_ObjectHideFlags: 0
  m_PrefabParentObject: {fileID: 400000, guid: 8600316ae23e146108aa156f81a2d56f, type: 2}
  m_PrefabInternal: {fileID: 1871982435}
  m_GameObject: {fileID: 2073678135}
  m_LocalRotation: {x: 0, y: 0, z: 0, w: 1}
  m_LocalPosition: {x: -.0513599738, y: .77565378, z: 0}
  m_LocalScale: {x: .00111111114, y: .00333333341, z: 1}
  m_Children: []
  m_Father: {fileID: 1946182917}
  m_RootOrder: 0
