%YAML 1.1
%TAG !u! tag:unity3d.com,2011:
--- !u!29 &1
SceneSettings:
  m_ObjectHideFlags: 0
  m_PVSData: 
  m_PVSObjectsArray: []
  m_PVSPortalsArray: []
  m_OcclusionBakeSettings:
    smallestOccluder: 5
    smallestHole: .25
    backfaceThreshold: 100
--- !u!104 &2
RenderSettings:
  m_Fog: 0
  m_FogColor: {r: .5, g: .5, b: .5, a: 1}
  m_FogMode: 3
  m_FogDensity: .00999999978
  m_LinearFogStart: 0
  m_LinearFogEnd: 300
  m_AmbientLight: {r: .200000003, g: .200000003, b: .200000003, a: 1}
  m_SkyboxMaterial: {fileID: 0}
  m_HaloStrength: .5
  m_FlareStrength: 1
  m_FlareFadeSpeed: 3
  m_HaloTexture: {fileID: 0}
  m_SpotCookie: {fileID: 0}
  m_ObjectHideFlags: 0
--- !u!127 &3
LevelGameManager:
  m_ObjectHideFlags: 0
--- !u!157 &4
LightmapSettings:
  m_ObjectHideFlags: 0
  m_LightProbes: {fileID: 0}
  m_Lightmaps: []
  m_LightmapsMode: 1
  m_BakedColorSpace: 0
  m_UseDualLightmapsInForward: 0
  m_LightmapEditorSettings:
    m_Resolution: 50
    m_LastUsedResolution: 0
    m_TextureWidth: 1024
    m_TextureHeight: 1024
    m_BounceBoost: 1
    m_BounceIntensity: 1
    m_SkyLightColor: {r: .860000014, g: .930000007, b: 1, a: 1}
    m_SkyLightIntensity: 0
    m_Quality: 0
    m_Bounces: 1
    m_FinalGatherRays: 1000
    m_FinalGatherContrastThreshold: .0500000007
    m_FinalGatherGradientThreshold: 0
    m_FinalGatherInterpolationPoints: 15
    m_AOAmount: 0
    m_AOMaxDistance: .100000001
    m_AOContrast: 1
    m_LODSurfaceMappingDistance: 1
    m_Padding: 0
    m_TextureCompression: 0
    m_LockAtlas: 0
--- !u!196 &5
NavMeshSettings:
  m_ObjectHideFlags: 0
  m_BuildSettings:
    agentRadius: .5
    agentHeight: 2
    agentSlope: 45
    agentClimb: .400000006
    ledgeDropHeight: 0
    maxJumpAcrossDistance: 0
    accuratePlacement: 0
    minRegionArea: 2
    widthInaccuracy: 16.666666
    heightInaccuracy: 10
    tileSizeHint: 0
  m_NavMesh: {fileID: 0}
--- !u!1 &907358895
GameObject:
  m_ObjectHideFlags: 0
  m_PrefabParentObject: {fileID: 0}
  m_PrefabInternal: {fileID: 0}
  serializedVersion: 4
  m_Component:
  - 4: {fileID: 907358896}
  - 23: {fileID: 907358898}
  - 33: {fileID: 907358897}
  m_Layer: 0
  m_Name: PIPE_1
  m_TagString: Untagged
  m_Icon: {fileID: 0}
  m_NavMeshLayer: 0
  m_StaticEditorFlags: 0
  m_IsActive: 1
--- !u!4 &907358896
Transform:
  m_ObjectHideFlags: 0
  m_PrefabParentObject: {fileID: 0}
  m_PrefabInternal: {fileID: 0}
  m_GameObject: {fileID: 907358895}
  m_LocalRotation: {x: 0, y: 0, z: 0, w: 1}
  m_LocalPosition: {x: -949, y: 210, z: 680}
  m_LocalScale: {x: 1, y: 1, z: 1}
  m_Children: []
  m_Father: {fileID: 1876156769}
  m_RootOrder: 0
--- !u!33 &907358897
MeshFilter:
  m_ObjectHideFlags: 0
  m_PrefabParentObject: {fileID: 0}
  m_PrefabInternal: {fileID: 0}
  m_GameObject: {fileID: 907358895}
  m_Mesh: {fileID: 4300000, guid: b1a5d8f097eb077429cc5a595b72aebe, type: 2}
--- !u!23 &907358898
Renderer:
  m_ObjectHideFlags: 0
  m_PrefabParentObject: {fileID: 0}
  m_PrefabInternal: {fileID: 0}
  m_GameObject: {fileID: 907358895}
  m_Enabled: 1
  m_CastShadows: 0
  m_ReceiveShadows: 0
  m_LightmapIndex: 255
  m_LightmapTilingOffset: {x: 1, y: 1, z: 0, w: 0}
  m_Materials:
  - {fileID: 2100000, guid: fdf9a2018d2fb92489aaeabb9f0b8a99, type: 2}
  m_SubsetIndices: 
  m_StaticBatchRoot: {fileID: 0}
  m_UseLightProbes: 0
  m_LightProbeAnchor: {fileID: 0}
  m_ScaleInLightmap: 1
  m_SortingLayerID: 0
  m_SortingOrder: 0
--- !u!1 &967985834
GameObject:
  m_ObjectHideFlags: 0
  m_PrefabParentObject: {fileID: 0}
  m_PrefabInternal: {fileID: 0}
  serializedVersion: 4
  m_Component:
  - 4: {fileID: 967985839}
  - 20: {fileID: 967985838}
  - 92: {fileID: 967985837}
  - 124: {fileID: 967985836}
  - 81: {fileID: 967985835}
  m_Layer: 0
  m_Name: Main Camera
  m_TagString: MainCamera
  m_Icon: {fileID: 0}
  m_NavMeshLayer: 0
  m_StaticEditorFlags: 0
  m_IsActive: 1
--- !u!81 &967985835
AudioListener:
  m_ObjectHideFlags: 0
  m_PrefabParentObject: {fileID: 0}
  m_PrefabInternal: {fileID: 0}
  m_GameObject: {fileID: 967985834}
  m_Enabled: 1
--- !u!124 &967985836
Behaviour:
  m_ObjectHideFlags: 0
  m_PrefabParentObject: {fileID: 0}
  m_PrefabInternal: {fileID: 0}
  m_GameObject: {fileID: 967985834}
  m_Enabled: 1
--- !u!92 &967985837
Behaviour:
  m_ObjectHideFlags: 0
  m_PrefabParentObject: {fileID: 0}
  m_PrefabInternal: {fileID: 0}
  m_GameObject: {fileID: 967985834}
  m_Enabled: 1
--- !u!20 &967985838
Camera:
  m_ObjectHideFlags: 0
  m_PrefabParentObject: {fileID: 0}
  m_PrefabInternal: {fileID: 0}
  m_GameObject: {fileID: 967985834}
  m_Enabled: 1
  serializedVersion: 2
  m_ClearFlags: 1
  m_BackGroundColor: {r: .192156866, g: .301960796, b: .474509805, a: .0196078438}
  m_NormalizedViewPortRect:
    serializedVersion: 2
    x: 0
    y: 0
    width: 1
    height: 1
  near clip plane: .300000012
  far clip plane: 1000
  field of view: 60
  orthographic: 1
  orthographic size: 1331.5
  m_Depth: -1
  m_CullingMask:
    serializedVersion: 2
    m_Bits: 4294967295
  m_RenderingPath: -1
  m_TargetTexture: {fileID: 0}
  m_TargetDisplay: 0
  m_HDR: 0
  m_OcclusionCulling: 1
  m_StereoConvergence: 10
  m_StereoSeparation: .0219999999
--- !u!4 &967985839
Transform:
  m_ObjectHideFlags: 0
  m_PrefabParentObject: {fileID: 0}
  m_PrefabInternal: {fileID: 0}
  m_GameObject: {fileID: 967985834}
  m_LocalRotation: {x: 0, y: 0, z: 0, w: 1}
  m_LocalPosition: {x: -19.5, y: -15, z: 540}
  m_LocalScale: {x: 1, y: 1, z: 1}
  m_Children: []
  m_Father: {fileID: 0}
  m_RootOrder: 0
--- !u!1 &1377900203
GameObject:
  m_ObjectHideFlags: 0
  m_PrefabParentObject: {fileID: 0}
  m_PrefabInternal: {fileID: 0}
  serializedVersion: 4
  m_Component:
  - 4: {fileID: 1377900204}
  - 23: {fileID: 1377900206}
  - 33: {fileID: 1377900205}
  m_Layer: 0
  m_Name: RAMKA
  m_TagString: Untagged
  m_Icon: {fileID: 0}
  m_NavMeshLayer: 0
  m_StaticEditorFlags: 0
  m_IsActive: 1
--- !u!4 &1377900204
Transform:
  m_ObjectHideFlags: 0
  m_PrefabParentObject: {fileID: 0}
  m_PrefabInternal: {fileID: 0}
  m_GameObject: {fileID: 1377900203}
  m_LocalRotation: {x: 0, y: 0, z: 0, w: 1}
  m_LocalPosition: {x: 0, y: 0, z: 640}
  m_LocalScale: {x: 1, y: 1, z: 1}
  m_Children: []
  m_Father: {fileID: 1876156769}
  m_RootOrder: 2
--- !u!33 &1377900205
MeshFilter:
  m_ObjectHideFlags: 0
  m_PrefabParentObject: {fileID: 0}
  m_PrefabInternal: {fileID: 0}
  m_GameObject: {fileID: 1377900203}
  m_Mesh: {fileID: 4300000, guid: 8e6ff6bf0708e8d4aac038ad8d09d10c, type: 2}
--- !u!23 &1377900206
Renderer:
  m_ObjectHideFlags: 0
  m_PrefabParentObject: {fileID: 0}
  m_PrefabInternal: {fileID: 0}
  m_GameObject: {fileID: 1377900203}
  m_Enabled: 1
  m_CastShadows: 0
  m_ReceiveShadows: 0
  m_LightmapIndex: 255
  m_LightmapTilingOffset: {x: 1, y: 1, z: 0, w: 0}
  m_Materials:
  - {fileID: 2100000, guid: 225e2d30513ad3e48bce5b257ed03bb4, type: 2}
  m_SubsetIndices: 
  m_StaticBatchRoot: {fileID: 0}
  m_UseLightProbes: 0
  m_LightProbeAnchor: {fileID: 0}
  m_ScaleInLightmap: 1
  m_SortingLayerID: 0
  m_SortingOrder: 0
--- !u!1 &1601109083
GameObject:
  m_ObjectHideFlags: 0
  m_PrefabParentObject: {fileID: 0}
  m_PrefabInternal: {fileID: 0}
  serializedVersion: 4
  m_Component:
  - 4: {fileID: 1601109086}
  - 23: {fileID: 1601109085}
  - 33: {fileID: 1601109084}
  m_Layer: 0
  m_Name: PIPE_2
  m_TagString: Untagged
  m_Icon: {fileID: 0}
  m_NavMeshLayer: 0
  m_StaticEditorFlags: 0
  m_IsActive: 1
--- !u!33 &1601109084
MeshFilter:
  m_ObjectHideFlags: 0
  m_PrefabParentObject: {fileID: 0}
  m_PrefabInternal: {fileID: 0}
  m_GameObject: {fileID: 1601109083}
  m_Mesh: {fileID: 4300000, guid: b2c84588ab951cf4d990321840c3fc45, type: 2}
--- !u!23 &1601109085
Renderer:
  m_ObjectHideFlags: 0
  m_PrefabParentObject: {fileID: 0}
  m_PrefabInternal: {fileID: 0}
  m_GameObject: {fileID: 1601109083}
  m_Enabled: 1
  m_CastShadows: 0
  m_ReceiveShadows: 0
  m_LightmapIndex: 255
  m_LightmapTilingOffset: {x: 1, y: 1, z: 0, w: 0}
  m_Materials:
  - {fileID: 2100000, guid: ea3b27cebdc384a43bd6c28aee00996f, type: 2}
  m_SubsetIndices: 
  m_StaticBatchRoot: {fileID: 0}
  m_UseLightProbes: 0
  m_LightProbeAnchor: {fileID: 0}
  m_ScaleInLightmap: 1
  m_SortingLayerID: 0
  m_SortingOrder: 0
--- !u!4 &1601109086
Transform:
  m_ObjectHideFlags: 0
  m_PrefabParentObject: {fileID: 0}
  m_PrefabInternal: {fileID: 0}
  m_GameObject: {fileID: 1601109083}
  m_LocalRotation: {x: 0, y: 0, z: 0, w: 1}
  m_LocalPosition: {x: -502, y: 577, z: 660}
  m_LocalScale: {x: 1, y: 1, z: 1}
  m_Children: []
  m_Father: {fileID: 1876156769}
  m_RootOrder: 1
--- !u!1 &1704620325
GameObject:
  m_ObjectHideFlags: 0
  m_PrefabParentObject: {fileID: 0}
  m_PrefabInternal: {fileID: 0}
  serializedVersion: 4
  m_Component:
  - 4: {fileID: 1704620326}
  - 23: {fileID: 1704620328}
  - 33: {fileID: 1704620327}
  m_Layer: 0
  m_Name: PRYAMOUG
  m_TagString: Untagged
  m_Icon: {fileID: 0}
  m_NavMeshLayer: 0
  m_StaticEditorFlags: 0
  m_IsActive: 1
--- !u!4 &1704620326
Transform:
  m_ObjectHideFlags: 0
  m_PrefabParentObject: {fileID: 0}
  m_PrefabInternal: {fileID: 0}
  m_GameObject: {fileID: 1704620325}
  m_LocalRotation: {x: 0, y: 0, z: 0, w: 1}
  m_LocalPosition: {x: 0, y: 0, z: 0}
  m_LocalScale: {x: 1, y: 1, z: 1}
  m_Children: []
  m_Father: {fileID: 2055582865}
  m_RootOrder: 0
--- !u!33 &1704620327
MeshFilter:
  m_ObjectHideFlags: 0
  m_PrefabParentObject: {fileID: 0}
  m_PrefabInternal: {fileID: 0}
  m_GameObject: {fileID: 1704620325}
  m_Mesh: {fileID: 4300000, guid: a5c58d439620c094294a5aeb51781983, type: 2}
--- !u!23 &1704620328
Renderer:
  m_ObjectHideFlags: 0
  m_PrefabParentObject: {fileID: 0}
  m_PrefabInternal: {fileID: 0}
  m_GameObject: {fileID: 1704620325}
  m_Enabled: 1
  m_CastShadows: 0
  m_ReceiveShadows: 0
  m_LightmapIndex: 255
  m_LightmapTilingOffset: {x: 1, y: 1, z: 0, w: 0}
  m_Materials:
  - {fileID: 2100000, guid: eccb68a9421d32c4883555978f11e9b9, type: 2}
  m_SubsetIndices: 
  m_StaticBatchRoot: {fileID: 0}
  m_UseLightProbes: 0
  m_LightProbeAnchor: {fileID: 0}
  m_ScaleInLightmap: 1
  m_SortingLayerID: 0
  m_SortingOrder: 0
--- !u!1 &1876156768
GameObject:
  m_ObjectHideFlags: 0
  m_PrefabParentObject: {fileID: 0}
  m_PrefabInternal: {fileID: 0}
  serializedVersion: 4
  m_Component:
  - 4: {fileID: 1876156769}
  m_Layer: 0
  m_Name: MainSceneObject
  m_TagString: Untagged
  m_Icon: {fileID: 0}
  m_NavMeshLayer: 0
  m_StaticEditorFlags: 0
  m_IsActive: 1
--- !u!4 &1876156769
Transform:
  m_ObjectHideFlags: 0
  m_PrefabParentObject: {fileID: 0}
  m_PrefabInternal: {fileID: 0}
  m_GameObject: {fileID: 1876156768}
  m_LocalRotation: {x: 0, y: 0, z: 0, w: 1}
  m_LocalPosition: {x: 0, y: 0, z: 0}
  m_LocalScale: {x: 1, y: 1, z: 1}
  m_Children:
  - {fileID: 907358896}
  - {fileID: 1601109086}
  - {fileID: 1377900204}
  - {fileID: 2055582865}
  m_Father: {fileID: 0}
  m_RootOrder: 1
--- !u!1 &2055582864
GameObject:
  m_ObjectHideFlags: 0
  m_PrefabParentObject: {fileID: 0}
  m_PrefabInternal: {fileID: 0}
  serializedVersion: 4
  m_Component:
  - 4: {fileID: 2055582865}
  m_Layer: 0
  m_Name: PRYAMOUG_CONTROL
  m_TagString: Untagged
  m_Icon: {fileID: 0}
  m_NavMeshLayer: 0
  m_StaticEditorFlags: 0
  m_IsActive: 1
--- !u!4 &2055582865
Transform:
  m_ObjectHideFlags: 0
  m_PrefabParentObject: {fileID: 0}
  m_PrefabInternal: {fileID: 0}
  m_GameObject: {fileID: 2055582864}
  m_LocalRotation: {x: 0, y: 0, z: 0, w: 1}
  m_LocalPosition: {x: -554, y: 85, z: 700}
  m_LocalScale: {x: 1, y: 1, z: 1}
  m_Children:
  - {fileID: 1704620326}
  m_Father: {fileID: 1876156769}
  m_RootOrder: 3
