%YAML 1.1
%TAG !u! tag:unity3d.com,2011:
--- !u!29 &1
SceneSettings:
  m_ObjectHideFlags: 0
  m_PVSData: 
  m_PVSObjectsArray: []
  m_PVSPortalsArray: []
  m_OcclusionBakeSettings:
    smallestOccluder: 5
    smallestHole: .25
    backfaceThreshold: 100
--- !u!104 &2
RenderSettings:
  m_Fog: 0
  m_FogColor: {r: .5, g: .5, b: .5, a: 1}
  m_FogMode: 3
  m_FogDensity: .00999999978
  m_LinearFogStart: 0
  m_LinearFogEnd: 300
  m_AmbientLight: {r: .200000003, g: .200000003, b: .200000003, a: 1}
  m_SkyboxMaterial: {fileID: 0}
  m_HaloStrength: .5
  m_FlareStrength: 1
  m_FlareFadeSpeed: 3
  m_HaloTexture: {fileID: 0}
  m_SpotCookie: {fileID: 0}
  m_ObjectHideFlags: 0
--- !u!127 &3
LevelGameManager:
  m_ObjectHideFlags: 0
--- !u!157 &4
LightmapSettings:
  m_ObjectHideFlags: 0
  m_LightProbes: {fileID: 0}
  m_Lightmaps: []
  m_LightmapsMode: 1
  m_BakedColorSpace: 0
  m_UseDualLightmapsInForward: 0
  m_LightmapEditorSettings:
    m_Resolution: 50
    m_LastUsedResolution: 0
    m_TextureWidth: 1024
    m_TextureHeight: 1024
    m_BounceBoost: 1
    m_BounceIntensity: 1
    m_SkyLightColor: {r: .860000014, g: .930000007, b: 1, a: 1}
    m_SkyLightIntensity: 0
    m_Quality: 0
    m_Bounces: 1
    m_FinalGatherRays: 1000
    m_FinalGatherContrastThreshold: .0500000007
    m_FinalGatherGradientThreshold: 0
    m_FinalGatherInterpolationPoints: 15
    m_AOAmount: 0
    m_AOMaxDistance: .100000001
    m_AOContrast: 1
    m_LODSurfaceMappingDistance: 1
    m_Padding: 0
    m_TextureCompression: 0
    m_LockAtlas: 0
--- !u!196 &5
NavMeshSettings:
  m_ObjectHideFlags: 0
  m_BuildSettings:
    agentRadius: .5
    agentHeight: 2
    agentSlope: 45
    agentClimb: .400000006
    ledgeDropHeight: 0
    maxJumpAcrossDistance: 0
    accuratePlacement: 0
    minRegionArea: 2
    widthInaccuracy: 16.666666
    heightInaccuracy: 10
    tileSizeHint: 0
  m_NavMesh: {fileID: 0}
--- !u!1 &95878916
GameObject:
  m_ObjectHideFlags: 0
  m_PrefabParentObject: {fileID: 0}
  m_PrefabInternal: {fileID: 0}
  serializedVersion: 4
  m_Component:
  - 4: {fileID: 95878917}
  m_Layer: 0
  m_Name: MELON_PERS_CONTROL
  m_TagString: Untagged
  m_Icon: {fileID: 0}
  m_NavMeshLayer: 0
  m_StaticEditorFlags: 0
  m_IsActive: 1
--- !u!4 &95878917
Transform:
  m_ObjectHideFlags: 0
  m_PrefabParentObject: {fileID: 0}
  m_PrefabInternal: {fileID: 0}
  m_GameObject: {fileID: 95878916}
  m_LocalRotation: {x: 0, y: 0, z: 0, w: 1}
  m_LocalPosition: {x: 0, y: 0, z: 700}
  m_LocalScale: {x: 1, y: 1, z: 1}
  m_Children:
  - {fileID: 1488250115}
  m_Father: {fileID: 1182550097}
  m_RootOrder: 0
--- !u!1 &198610707
GameObject:
  m_ObjectHideFlags: 0
  m_PrefabParentObject: {fileID: 0}
  m_PrefabInternal: {fileID: 0}
  serializedVersion: 4
  m_Component:
  - 4: {fileID: 198610708}
  - 23: {fileID: 198610710}
  - 33: {fileID: 198610709}
  - 114: {fileID: 198610711}
  m_Layer: 0
  m_Name: PUPIL_R
  m_TagString: Untagged
  m_Icon: {fileID: 0}
  m_NavMeshLayer: 0
  m_StaticEditorFlags: 0
  m_IsActive: 1
--- !u!4 &198610708
Transform:
  m_ObjectHideFlags: 0
  m_PrefabParentObject: {fileID: 0}
  m_PrefabInternal: {fileID: 0}
  m_GameObject: {fileID: 198610707}
  m_LocalRotation: {x: 0, y: 0, z: 0, w: 1}
  m_LocalPosition: {x: 0, y: 0, z: 0}
  m_LocalScale: {x: 1, y: 1, z: 1}
  m_Children: []
  m_Father: {fileID: 1869765430}
  m_RootOrder: 0
--- !u!33 &198610709
MeshFilter:
  m_ObjectHideFlags: 0
  m_PrefabParentObject: {fileID: 0}
  m_PrefabInternal: {fileID: 0}
  m_GameObject: {fileID: 198610707}
  m_Mesh: {fileID: 4300000, guid: 9257463bb9b9df14b897e79d257bc607, type: 2}
--- !u!23 &198610710
Renderer:
  m_ObjectHideFlags: 0
  m_PrefabParentObject: {fileID: 0}
  m_PrefabInternal: {fileID: 0}
  m_GameObject: {fileID: 198610707}
  m_Enabled: 1
  m_CastShadows: 0
  m_ReceiveShadows: 0
  m_LightmapIndex: 255
  m_LightmapTilingOffset: {x: 1, y: 1, z: 0, w: 0}
  m_Materials:
  - {fileID: 2100000, guid: af925db3f6194bd49b99f1cd02b77a85, type: 2}
  m_SubsetIndices: 
  m_StaticBatchRoot: {fileID: 0}
  m_UseLightProbes: 0
  m_LightProbeAnchor: {fileID: 0}
  m_ScaleInLightmap: 1
  m_SortingLayerID: 0
  m_SortingOrder: 0
--- !u!114 &198610711
MonoBehaviour:
  m_ObjectHideFlags: 0
  m_PrefabParentObject: {fileID: 0}
  m_PrefabInternal: {fileID: 0}
  m_GameObject: {fileID: 198610707}
  m_Enabled: 1
  m_EditorHideFlags: 0
  m_Script: {fileID: 11500000, guid: 74471f1c51c776445b4253e712871747, type: 3}
  m_Name: 
  m_EditorClassIdentifier: 
  reactionRange: 85
  initialOffset: {x: 13, y: 0}
  axisX: {x: 22, y: 0}
  axisY: {x: 0, y: 33}
  offsetDependency:
    serializedVersion: 2
    m_Curve:
    - time: 0
      value: 0
      inSlope: 0
      outSlope: 0
      tangentMode: 0
    - time: 1
      value: 1
      inSlope: 0
      outSlope: 0
      tangentMode: 0
    m_PreInfinity: 2
    m_PostInfinity: 2
  lookMode: 0
  lookObject: {fileID: 0}
  lookPosition: {x: 0, y: 0, z: 0}
  lookLag: 5
  UseMouseEmulator: 1
  residualTime: 2
--- !u!1 &322347507
GameObject:
  m_ObjectHideFlags: 0
  m_PrefabParentObject: {fileID: 0}
  m_PrefabInternal: {fileID: 0}
  serializedVersion: 4
  m_Component:
  - 4: {fileID: 322347508}
  m_Layer: 0
  m_Name: ROT
  m_TagString: Untagged
  m_Icon: {fileID: 0}
  m_NavMeshLayer: 0
  m_StaticEditorFlags: 0
  m_IsActive: 1
--- !u!4 &322347508
Transform:
  m_ObjectHideFlags: 0
  m_PrefabParentObject: {fileID: 0}
  m_PrefabInternal: {fileID: 0}
  m_GameObject: {fileID: 322347507}
  m_LocalRotation: {x: 0, y: 0, z: 0, w: 1}
  m_LocalPosition: {x: 0, y: 0, z: 0}
  m_LocalScale: {x: 1, y: 1, z: 1}
  m_Children:
  - {fileID: 1249921573}
  - {fileID: 1972497811}
  - {fileID: 759798385}
  - {fileID: 397321426}
  - {fileID: 1773939349}
  m_Father: {fileID: 590146282}
  m_RootOrder: 0
--- !u!1 &350908261
GameObject:
  m_ObjectHideFlags: 0
  m_PrefabParentObject: {fileID: 0}
  m_PrefabInternal: {fileID: 0}
  serializedVersion: 4
  m_Component:
  - 4: {fileID: 350908262}
  m_Layer: 0
  m_Name: GLAZ_R_CONTROL
  m_TagString: Untagged
  m_Icon: {fileID: 0}
  m_NavMeshLayer: 0
  m_StaticEditorFlags: 0
  m_IsActive: 1
--- !u!4 &350908262
Transform:
  m_ObjectHideFlags: 0
  m_PrefabParentObject: {fileID: 0}
  m_PrefabInternal: {fileID: 0}
  m_GameObject: {fileID: 350908261}
  m_LocalRotation: {x: 0, y: 0, z: 0, w: 1}
  m_LocalPosition: {x: 28.75, y: 90, z: -60}
  m_LocalScale: {x: 1, y: 1, z: 1}
  m_Children:
  - {fileID: 2133950302}
  m_Father: {fileID: 1488250115}
  m_RootOrder: 2
--- !u!1 &362107214
GameObject:
  m_ObjectHideFlags: 0
  m_PrefabParentObject: {fileID: 0}
  m_PrefabInternal: {fileID: 0}
  serializedVersion: 4
  m_Component:
  - 4: {fileID: 362107215}
  - 23: {fileID: 362107217}
  - 33: {fileID: 362107216}
  m_Layer: 0
  m_Name: ORBIT_R_Z
  m_TagString: Untagged
  m_Icon: {fileID: 0}
  m_NavMeshLayer: 0
  m_StaticEditorFlags: 0
  m_IsActive: 1
--- !u!4 &362107215
Transform:
  m_ObjectHideFlags: 0
  m_PrefabParentObject: {fileID: 0}
  m_PrefabInternal: {fileID: 0}
  m_GameObject: {fileID: 362107214}
  m_LocalRotation: {x: 0, y: 0, z: 0, w: 1}
  m_LocalPosition: {x: 0, y: 0, z: -20}
  m_LocalScale: {x: 1, y: 1, z: 1}
  m_Children: []
  m_Father: {fileID: 2133950302}
  m_RootOrder: 1
--- !u!33 &362107216
MeshFilter:
  m_ObjectHideFlags: 0
  m_PrefabParentObject: {fileID: 0}
  m_PrefabInternal: {fileID: 0}
  m_GameObject: {fileID: 362107214}
  m_Mesh: {fileID: 4300000, guid: 3a48d8bd07d635e4c9d658aaff0de9e9, type: 2}
--- !u!23 &362107217
Renderer:
  m_ObjectHideFlags: 0
  m_PrefabParentObject: {fileID: 0}
  m_PrefabInternal: {fileID: 0}
  m_GameObject: {fileID: 362107214}
  m_Enabled: 1
  m_CastShadows: 0
  m_ReceiveShadows: 0
  m_LightmapIndex: 255
  m_LightmapTilingOffset: {x: 1, y: 1, z: 0, w: 0}
  m_Materials:
  - {fileID: 2100000, guid: 2b3cbfa72cfe8b74cb9dfdd201f9a13e, type: 2}
  m_SubsetIndices: 
  m_StaticBatchRoot: {fileID: 0}
  m_UseLightProbes: 0
  m_LightProbeAnchor: {fileID: 0}
  m_ScaleInLightmap: 1
  m_SortingLayerID: 0
  m_SortingOrder: 0
--- !u!1 &397321425
GameObject:
  m_ObjectHideFlags: 0
  m_PrefabParentObject: {fileID: 0}
  m_PrefabInternal: {fileID: 0}
  serializedVersion: 4
  m_Component:
  - 4: {fileID: 397321426}
  - 23: {fileID: 397321428}
  - 33: {fileID: 397321427}
  m_Layer: 0
  m_Name: ROT_BE
  m_TagString: Untagged
  m_Icon: {fileID: 0}
  m_NavMeshLayer: 0
  m_StaticEditorFlags: 0
  m_IsActive: 0
--- !u!4 &397321426
Transform:
  m_ObjectHideFlags: 0
  m_PrefabParentObject: {fileID: 0}
  m_PrefabInternal: {fileID: 0}
  m_GameObject: {fileID: 397321425}
  m_LocalRotation: {x: 0, y: 0, z: 0, w: 1}
  m_LocalPosition: {x: 11, y: -27, z: -60}
  m_LocalScale: {x: 1, y: 1, z: 1}
  m_Children: []
  m_Father: {fileID: 322347508}
  m_RootOrder: 3
--- !u!33 &397321427
MeshFilter:
  m_ObjectHideFlags: 0
  m_PrefabParentObject: {fileID: 0}
  m_PrefabInternal: {fileID: 0}
  m_GameObject: {fileID: 397321425}
  m_Mesh: {fileID: 4300000, guid: 7bbe211534a5de848a5605c8350bbb16, type: 2}
--- !u!23 &397321428
Renderer:
  m_ObjectHideFlags: 0
  m_PrefabParentObject: {fileID: 0}
  m_PrefabInternal: {fileID: 0}
  m_GameObject: {fileID: 397321425}
  m_Enabled: 1
  m_CastShadows: 0
  m_ReceiveShadows: 0
  m_LightmapIndex: 255
  m_LightmapTilingOffset: {x: 1, y: 1, z: 0, w: 0}
  m_Materials:
  - {fileID: 2100000, guid: fd7da1b1e67d9f54baad0a14310aa79d, type: 2}
  m_SubsetIndices: 
  m_StaticBatchRoot: {fileID: 0}
  m_UseLightProbes: 0
  m_LightProbeAnchor: {fileID: 0}
  m_ScaleInLightmap: 1
  m_SortingLayerID: 0
  m_SortingOrder: 0
--- !u!1 &590146281
GameObject:
  m_ObjectHideFlags: 0
  m_PrefabParentObject: {fileID: 0}
  m_PrefabInternal: {fileID: 0}
  serializedVersion: 4
  m_Component:
  - 4: {fileID: 590146282}
  m_Layer: 0
  m_Name: ROT_CONTROL
  m_TagString: Untagged
  m_Icon: {fileID: 0}
  m_NavMeshLayer: 0
  m_StaticEditorFlags: 0
  m_IsActive: 1
--- !u!4 &590146282
Transform:
  m_ObjectHideFlags: 0
  m_PrefabParentObject: {fileID: 0}
  m_PrefabInternal: {fileID: 0}
  m_GameObject: {fileID: 590146281}
  m_LocalRotation: {x: 0, y: 0, z: 0, w: 1}
  m_LocalPosition: {x: -29.25, y: -82, z: -220}
  m_LocalScale: {x: 1, y: 1, z: 1}
  m_Children:
  - {fileID: 322347508}
  m_Father: {fileID: 1488250115}
  m_RootOrder: 4
--- !u!1 &607196922
GameObject:
  m_ObjectHideFlags: 0
  m_PrefabParentObject: {fileID: 0}
  m_PrefabInternal: {fileID: 0}
  serializedVersion: 4
  m_Component:
  - 4: {fileID: 607196927}
  - 20: {fileID: 607196926}
  - 92: {fileID: 607196925}
  - 124: {fileID: 607196924}
  - 81: {fileID: 607196923}
  m_Layer: 0
  m_Name: Main Camera
  m_TagString: MainCamera
  m_Icon: {fileID: 0}
  m_NavMeshLayer: 0
  m_StaticEditorFlags: 0
  m_IsActive: 1
--- !u!81 &607196923
AudioListener:
  m_ObjectHideFlags: 0
  m_PrefabParentObject: {fileID: 0}
  m_PrefabInternal: {fileID: 0}
  m_GameObject: {fileID: 607196922}
  m_Enabled: 1
--- !u!124 &607196924
Behaviour:
  m_ObjectHideFlags: 0
  m_PrefabParentObject: {fileID: 0}
  m_PrefabInternal: {fileID: 0}
  m_GameObject: {fileID: 607196922}
  m_Enabled: 1
--- !u!92 &607196925
Behaviour:
  m_ObjectHideFlags: 0
  m_PrefabParentObject: {fileID: 0}
  m_PrefabInternal: {fileID: 0}
  m_GameObject: {fileID: 607196922}
  m_Enabled: 1
--- !u!20 &607196926
Camera:
  m_ObjectHideFlags: 0
  m_PrefabParentObject: {fileID: 0}
  m_PrefabInternal: {fileID: 0}
  m_GameObject: {fileID: 607196922}
  m_Enabled: 1
  serializedVersion: 2
  m_ClearFlags: 1
  m_BackGroundColor: {r: .192156866, g: .301960796, b: .474509805, a: .0196078438}
  m_NormalizedViewPortRect:
    serializedVersion: 2
    x: 0
    y: 0
    width: 1
    height: 1
  near clip plane: .300000012
  far clip plane: 1000
  field of view: 60
  orthographic: 1
  orthographic size: 358.5
  m_Depth: -1
  m_CullingMask:
    serializedVersion: 2
    m_Bits: 4294967295
  m_RenderingPath: -1
  m_TargetTexture: {fileID: 0}
  m_TargetDisplay: 0
  m_HDR: 0
  m_OcclusionCulling: 1
  m_StereoConvergence: 10
  m_StereoSeparation: .0219999999
--- !u!4 &607196927
Transform:
  m_ObjectHideFlags: 0
  m_PrefabParentObject: {fileID: 0}
  m_PrefabInternal: {fileID: 0}
  m_GameObject: {fileID: 607196922}
  m_LocalRotation: {x: 0, y: 0, z: 0, w: 1}
  m_LocalPosition: {x: .25, y: .5, z: 280}
  m_LocalScale: {x: 1, y: 1, z: 1}
  m_Children: []
  m_Father: {fileID: 0}
  m_RootOrder: 0
--- !u!1 &678037976
GameObject:
  m_ObjectHideFlags: 0
  m_PrefabParentObject: {fileID: 0}
  m_PrefabInternal: {fileID: 0}
  serializedVersion: 4
  m_Component:
  - 4: {fileID: 678037977}
  m_Layer: 0
  m_Name: HAIR_CONTROL
  m_TagString: Untagged
  m_Icon: {fileID: 0}
  m_NavMeshLayer: 0
  m_StaticEditorFlags: 0
  m_IsActive: 1
--- !u!4 &678037977
Transform:
  m_ObjectHideFlags: 0
  m_PrefabParentObject: {fileID: 0}
  m_PrefabInternal: {fileID: 0}
  m_GameObject: {fileID: 678037976}
  m_LocalRotation: {x: 0, y: 0, z: 0, w: 1}
  m_LocalPosition: {x: 229.75, y: 77, z: -20}
  m_LocalScale: {x: 1, y: 1, z: 1}
  m_Children:
  - {fileID: 1954600732}
  m_Father: {fileID: 1488250115}
  m_RootOrder: 3
--- !u!1 &759798384
GameObject:
  m_ObjectHideFlags: 0
  m_PrefabParentObject: {fileID: 0}
  m_PrefabInternal: {fileID: 0}
  serializedVersion: 4
  m_Component:
  - 4: {fileID: 759798385}
  - 23: {fileID: 759798387}
  - 33: {fileID: 759798386}
  m_Layer: 0
  m_Name: ROT_1
  m_TagString: Untagged
  m_Icon: {fileID: 0}
  m_NavMeshLayer: 0
  m_StaticEditorFlags: 0
  m_IsActive: 1
--- !u!4 &759798385
Transform:
  m_ObjectHideFlags: 0
  m_PrefabParentObject: {fileID: 0}
  m_PrefabInternal: {fileID: 0}
  m_GameObject: {fileID: 759798384}
  m_LocalRotation: {x: 0, y: 0, z: 0, w: 1}
  m_LocalPosition: {x: 0, y: 52, z: -20}
  m_LocalScale: {x: 1, y: 1, z: 1}
  m_Children: []
  m_Father: {fileID: 322347508}
  m_RootOrder: 2
--- !u!33 &759798386
MeshFilter:
  m_ObjectHideFlags: 0
  m_PrefabParentObject: {fileID: 0}
  m_PrefabInternal: {fileID: 0}
  m_GameObject: {fileID: 759798384}
  m_Mesh: {fileID: 4300000, guid: 88170bfced2bbd94fac5d23f333e658a, type: 2}
--- !u!23 &759798387
Renderer:
  m_ObjectHideFlags: 0
  m_PrefabParentObject: {fileID: 0}
  m_PrefabInternal: {fileID: 0}
  m_GameObject: {fileID: 759798384}
  m_Enabled: 1
  m_CastShadows: 0
  m_ReceiveShadows: 0
  m_LightmapIndex: 255
  m_LightmapTilingOffset: {x: 1, y: 1, z: 0, w: 0}
  m_Materials:
  - {fileID: 2100000, guid: 24a2a0dbc11c5774ba7587c2c05e84af, type: 2}
  m_SubsetIndices: 
  m_StaticBatchRoot: {fileID: 0}
  m_UseLightProbes: 0
  m_LightProbeAnchor: {fileID: 0}
  m_ScaleInLightmap: 1
  m_SortingLayerID: 0
  m_SortingOrder: 0
--- !u!1 &831496679
GameObject:
  m_ObjectHideFlags: 0
  m_PrefabParentObject: {fileID: 0}
  m_PrefabInternal: {fileID: 0}
  serializedVersion: 4
  m_Component:
  - 4: {fileID: 831496680}
  - 23: {fileID: 831496682}
  - 33: {fileID: 831496681}
  m_Layer: 0
  m_Name: ORBIT_R
  m_TagString: Untagged
  m_Icon: {fileID: 0}
  m_NavMeshLayer: 0
  m_StaticEditorFlags: 0
  m_IsActive: 1
--- !u!4 &831496680
Transform:
  m_ObjectHideFlags: 0
  m_PrefabParentObject: {fileID: 0}
  m_PrefabInternal: {fileID: 0}
  m_GameObject: {fileID: 831496679}
  m_LocalRotation: {x: 0, y: 0, z: 0, w: 1}
  m_LocalPosition: {x: 0, y: 0, z: -40}
  m_LocalScale: {x: 1, y: 1, z: 1}
  m_Children: []
  m_Father: {fileID: 2133950302}
  m_RootOrder: 0
--- !u!33 &831496681
MeshFilter:
  m_ObjectHideFlags: 0
  m_PrefabParentObject: {fileID: 0}
  m_PrefabInternal: {fileID: 0}
  m_GameObject: {fileID: 831496679}
  m_Mesh: {fileID: 4300000, guid: 757e3d4ee32d7724d99693ff1114d6da, type: 2}
--- !u!23 &831496682
Renderer:
  m_ObjectHideFlags: 0
  m_PrefabParentObject: {fileID: 0}
  m_PrefabInternal: {fileID: 0}
  m_GameObject: {fileID: 831496679}
  m_Enabled: 1
  m_CastShadows: 0
  m_ReceiveShadows: 0
  m_LightmapIndex: 255
  m_LightmapTilingOffset: {x: 1, y: 1, z: 0, w: 0}
  m_Materials:
  - {fileID: 2100000, guid: a8d25814eb4f2a748a856850867180e0, type: 2}
  m_SubsetIndices: 
  m_StaticBatchRoot: {fileID: 0}
  m_UseLightProbes: 0
  m_LightProbeAnchor: {fileID: 0}
  m_ScaleInLightmap: 1
  m_SortingLayerID: 0
  m_SortingOrder: 0
--- !u!1 &843254869
GameObject:
  m_ObjectHideFlags: 0
  m_PrefabParentObject: {fileID: 0}
  m_PrefabInternal: {fileID: 0}
  serializedVersion: 4
  m_Component:
  - 4: {fileID: 843254870}
  m_Layer: 0
  m_Name: GLAZ_L
  m_TagString: Untagged
  m_Icon: {fileID: 0}
  m_NavMeshLayer: 0
  m_StaticEditorFlags: 0
  m_IsActive: 1
--- !u!4 &843254870
Transform:
  m_ObjectHideFlags: 0
  m_PrefabParentObject: {fileID: 0}
  m_PrefabInternal: {fileID: 0}
  m_GameObject: {fileID: 843254869}
  m_LocalRotation: {x: 0, y: 0, z: 0, w: 1}
  m_LocalPosition: {x: 0, y: 0, z: 0}
  m_LocalScale: {x: 1, y: 1, z: 1}
  m_Children:
  - {fileID: 1067374094}
  - {fileID: 933809142}
  - {fileID: 1137024652}
  m_Father: {fileID: 1825949087}
  m_RootOrder: 0
--- !u!1 &856089439
GameObject:
  m_ObjectHideFlags: 0
  m_PrefabParentObject: {fileID: 0}
  m_PrefabInternal: {fileID: 0}
  serializedVersion: 4
  m_Component:
  - 4: {fileID: 856089440}
  - 23: {fileID: 856089442}
  - 33: {fileID: 856089441}
  - 114: {fileID: 856089443}
  m_Layer: 0
  m_Name: PUPIL_L
  m_TagString: Untagged
  m_Icon: {fileID: 0}
  m_NavMeshLayer: 0
  m_StaticEditorFlags: 0
  m_IsActive: 1
--- !u!4 &856089440
Transform:
  m_ObjectHideFlags: 0
  m_PrefabParentObject: {fileID: 0}
  m_PrefabInternal: {fileID: 0}
  m_GameObject: {fileID: 856089439}
  m_LocalRotation: {x: 0, y: 0, z: 0, w: 1}
  m_LocalPosition: {x: 0, y: 0, z: 0}
  m_LocalScale: {x: 1, y: 1, z: 1}
  m_Children: []
  m_Father: {fileID: 1137024652}
  m_RootOrder: 0
--- !u!33 &856089441
MeshFilter:
  m_ObjectHideFlags: 0
  m_PrefabParentObject: {fileID: 0}
  m_PrefabInternal: {fileID: 0}
  m_GameObject: {fileID: 856089439}
  m_Mesh: {fileID: 4300000, guid: a9d2064390933cf44b9108129295b6b0, type: 2}
--- !u!23 &856089442
Renderer:
  m_ObjectHideFlags: 0
  m_PrefabParentObject: {fileID: 0}
  m_PrefabInternal: {fileID: 0}
  m_GameObject: {fileID: 856089439}
  m_Enabled: 1
  m_CastShadows: 0
  m_ReceiveShadows: 0
  m_LightmapIndex: 255
  m_LightmapTilingOffset: {x: 1, y: 1, z: 0, w: 0}
  m_Materials:
  - {fileID: 2100000, guid: bb0c647079c48f740a15af6ec4d702df, type: 2}
  m_SubsetIndices: 
  m_StaticBatchRoot: {fileID: 0}
  m_UseLightProbes: 0
  m_LightProbeAnchor: {fileID: 0}
  m_ScaleInLightmap: 1
  m_SortingLayerID: 0
  m_SortingOrder: 0
--- !u!114 &856089443
MonoBehaviour:
  m_ObjectHideFlags: 0
  m_PrefabParentObject: {fileID: 0}
  m_PrefabInternal: {fileID: 0}
  m_GameObject: {fileID: 856089439}
  m_Enabled: 1
  m_EditorHideFlags: 0
  m_Script: {fileID: 11500000, guid: 74471f1c51c776445b4253e712871747, type: 3}
  m_Name: 
  m_EditorClassIdentifier: 
  reactionRange: 85
  initialOffset: {x: 17, y: -3}
  axisX: {x: 32, y: 0}
  axisY: {x: 0, y: 45}
  offsetDependency:
    serializedVersion: 2
    m_Curve:
    - time: 0
      value: 0
      inSlope: 0
      outSlope: 0
      tangentMode: 0
    - time: 1
      value: 1
      inSlope: 0
      outSlope: 0
      tangentMode: 0
    m_PreInfinity: 2
    m_PostInfinity: 2
  lookMode: 0
  lookObject: {fileID: 0}
  lookPosition: {x: 0, y: 0, z: 0}
  lookLag: 5
  UseMouseEmulator: 1
  residualTime: 2
--- !u!1 &933809141
GameObject:
  m_ObjectHideFlags: 0
  m_PrefabParentObject: {fileID: 0}
  m_PrefabInternal: {fileID: 0}
  serializedVersion: 4
  m_Component:
  - 4: {fileID: 933809142}
  - 23: {fileID: 933809144}
  - 33: {fileID: 933809143}
  m_Layer: 0
  m_Name: ORBIT_L_Z
  m_TagString: Untagged
  m_Icon: {fileID: 0}
  m_NavMeshLayer: 0
  m_StaticEditorFlags: 0
  m_IsActive: 1
--- !u!4 &933809142
Transform:
  m_ObjectHideFlags: 0
  m_PrefabParentObject: {fileID: 0}
  m_PrefabInternal: {fileID: 0}
  m_GameObject: {fileID: 933809141}
  m_LocalRotation: {x: 0, y: 0, z: 0, w: 1}
  m_LocalPosition: {x: 0, y: 0, z: -20}
  m_LocalScale: {x: 1, y: 1, z: 1}
  m_Children: []
  m_Father: {fileID: 843254870}
  m_RootOrder: 1
--- !u!33 &933809143
MeshFilter:
  m_ObjectHideFlags: 0
  m_PrefabParentObject: {fileID: 0}
  m_PrefabInternal: {fileID: 0}
  m_GameObject: {fileID: 933809141}
  m_Mesh: {fileID: 4300000, guid: 854ce8e0bb32292438dde54d6430ca86, type: 2}
--- !u!23 &933809144
Renderer:
  m_ObjectHideFlags: 0
  m_PrefabParentObject: {fileID: 0}
  m_PrefabInternal: {fileID: 0}
  m_GameObject: {fileID: 933809141}
  m_Enabled: 1
  m_CastShadows: 0
  m_ReceiveShadows: 0
  m_LightmapIndex: 255
  m_LightmapTilingOffset: {x: 1, y: 1, z: 0, w: 0}
  m_Materials:
  - {fileID: 2100000, guid: 5ee5da2225556594d8b02ac823e6f07a, type: 2}
  m_SubsetIndices: 
  m_StaticBatchRoot: {fileID: 0}
  m_UseLightProbes: 0
  m_LightProbeAnchor: {fileID: 0}
  m_ScaleInLightmap: 1
  m_SortingLayerID: 0
  m_SortingOrder: 0
--- !u!1 &1067374093
GameObject:
  m_ObjectHideFlags: 0
  m_PrefabParentObject: {fileID: 0}
  m_PrefabInternal: {fileID: 0}
  serializedVersion: 4
  m_Component:
  - 4: {fileID: 1067374094}
  - 23: {fileID: 1067374096}
  - 33: {fileID: 1067374095}
  m_Layer: 0
  m_Name: ORBIT_L
  m_TagString: Untagged
  m_Icon: {fileID: 0}
  m_NavMeshLayer: 0
  m_StaticEditorFlags: 0
  m_IsActive: 1
--- !u!4 &1067374094
Transform:
  m_ObjectHideFlags: 0
  m_PrefabParentObject: {fileID: 0}
  m_PrefabInternal: {fileID: 0}
  m_GameObject: {fileID: 1067374093}
  m_LocalRotation: {x: 0, y: 0, z: 0, w: 1}
  m_LocalPosition: {x: 0, y: 0, z: -40}
  m_LocalScale: {x: 1, y: 1, z: 1}
  m_Children: []
  m_Father: {fileID: 843254870}
  m_RootOrder: 0
--- !u!33 &1067374095
MeshFilter:
  m_ObjectHideFlags: 0
  m_PrefabParentObject: {fileID: 0}
  m_PrefabInternal: {fileID: 0}
  m_GameObject: {fileID: 1067374093}
  m_Mesh: {fileID: 4300000, guid: 178e8d333409e9d45a924d531a8749b9, type: 2}
--- !u!23 &1067374096
Renderer:
  m_ObjectHideFlags: 0
  m_PrefabParentObject: {fileID: 0}
  m_PrefabInternal: {fileID: 0}
  m_GameObject: {fileID: 1067374093}
  m_Enabled: 1
  m_CastShadows: 0
  m_ReceiveShadows: 0
  m_LightmapIndex: 255
  m_LightmapTilingOffset: {x: 1, y: 1, z: 0, w: 0}
  m_Materials:
  - {fileID: 2100000, guid: c774bf5ca1f02bc46bdef72f682f2c6f, type: 2}
  m_SubsetIndices: 
  m_StaticBatchRoot: {fileID: 0}
  m_UseLightProbes: 0
  m_LightProbeAnchor: {fileID: 0}
  m_ScaleInLightmap: 1
  m_SortingLayerID: 0
  m_SortingOrder: 0
--- !u!1 &1113596266
GameObject:
  m_ObjectHideFlags: 0
  m_PrefabParentObject: {fileID: 0}
  m_PrefabInternal: {fileID: 0}
  serializedVersion: 4
  m_Component:
  - 4: {fileID: 1113596267}
  - 23: {fileID: 1113596269}
  - 33: {fileID: 1113596268}
  m_Layer: 0
  m_Name: GOLOVA
  m_TagString: Untagged
  m_Icon: {fileID: 0}
  m_NavMeshLayer: 0
  m_StaticEditorFlags: 0
  m_IsActive: 1
--- !u!4 &1113596267
Transform:
  m_ObjectHideFlags: 0
  m_PrefabParentObject: {fileID: 0}
  m_PrefabInternal: {fileID: 0}
  m_GameObject: {fileID: 1113596266}
  m_LocalRotation: {x: 0, y: 0, z: 0, w: 1}
  m_LocalPosition: {x: -49.25, y: 0, z: -40}
  m_LocalScale: {x: 1, y: 1, z: 1}
  m_Children: []
  m_Father: {fileID: 1488250115}
  m_RootOrder: 0
--- !u!33 &1113596268
MeshFilter:
  m_ObjectHideFlags: 0
  m_PrefabParentObject: {fileID: 0}
  m_PrefabInternal: {fileID: 0}
  m_GameObject: {fileID: 1113596266}
  m_Mesh: {fileID: 4300000, guid: 785782f6e2058094ab7ded14e332ede5, type: 2}
--- !u!23 &1113596269
Renderer:
  m_ObjectHideFlags: 0
  m_PrefabParentObject: {fileID: 0}
  m_PrefabInternal: {fileID: 0}
  m_GameObject: {fileID: 1113596266}
  m_Enabled: 1
  m_CastShadows: 0
  m_ReceiveShadows: 0
  m_LightmapIndex: 255
  m_LightmapTilingOffset: {x: 1, y: 1, z: 0, w: 0}
  m_Materials:
  - {fileID: 2100000, guid: a445eb4b238b8254598b7f696a164a10, type: 2}
  m_SubsetIndices: 
  m_StaticBatchRoot: {fileID: 0}
  m_UseLightProbes: 0
  m_LightProbeAnchor: {fileID: 0}
  m_ScaleInLightmap: 1
  m_SortingLayerID: 0
  m_SortingOrder: 0
--- !u!1 &1137024651
GameObject:
  m_ObjectHideFlags: 0
  m_PrefabParentObject: {fileID: 0}
  m_PrefabInternal: {fileID: 0}
  serializedVersion: 4
  m_Component:
  - 4: {fileID: 1137024652}
  m_Layer: 0
  m_Name: PUPIL_L_CONTROL
  m_TagString: Untagged
  m_Icon: {fileID: 0}
  m_NavMeshLayer: 0
  m_StaticEditorFlags: 0
  m_IsActive: 1
--- !u!4 &1137024652
Transform:
  m_ObjectHideFlags: 0
  m_PrefabParentObject: {fileID: 0}
  m_PrefabInternal: {fileID: 0}
  m_GameObject: {fileID: 1137024651}
  m_LocalRotation: {x: 0, y: 0, z: 0, w: 1}
  m_LocalPosition: {x: -12, y: 4, z: -60}
  m_LocalScale: {x: 1, y: 1, z: 1}
  m_Children:
  - {fileID: 856089440}
  m_Father: {fileID: 843254870}
  m_RootOrder: 2
--- !u!1 &1182550096
GameObject:
  m_ObjectHideFlags: 0
  m_PrefabParentObject: {fileID: 0}
  m_PrefabInternal: {fileID: 0}
  serializedVersion: 4
  m_Component:
  - 4: {fileID: 1182550097}
  m_Layer: 0
  m_Name: MainSceneObject
  m_TagString: Untagged
  m_Icon: {fileID: 0}
  m_NavMeshLayer: 0
  m_StaticEditorFlags: 0
  m_IsActive: 1
--- !u!4 &1182550097
Transform:
  m_ObjectHideFlags: 0
  m_PrefabParentObject: {fileID: 0}
  m_PrefabInternal: {fileID: 0}
  m_GameObject: {fileID: 1182550096}
  m_LocalRotation: {x: 0, y: 0, z: 0, w: 1}
  m_LocalPosition: {x: 0, y: 0, z: 0}
  m_LocalScale: {x: 1, y: 1, z: 1}
  m_Children:
  - {fileID: 95878917}
  m_Father: {fileID: 0}
  m_RootOrder: 1
--- !u!1 &1249921572
GameObject:
  m_ObjectHideFlags: 0
  m_PrefabParentObject: {fileID: 0}
  m_PrefabInternal: {fileID: 0}
  serializedVersion: 4
  m_Component:
  - 4: {fileID: 1249921573}
  - 23: {fileID: 1249921575}
  - 33: {fileID: 1249921574}
  m_Layer: 0
  m_Name: ROT_A
  m_TagString: Untagged
  m_Icon: {fileID: 0}
  m_NavMeshLayer: 0
  m_StaticEditorFlags: 0
  m_IsActive: 0
--- !u!4 &1249921573
Transform:
  m_ObjectHideFlags: 0
  m_PrefabParentObject: {fileID: 0}
  m_PrefabInternal: {fileID: 0}
  m_GameObject: {fileID: 1249921572}
  m_LocalRotation: {x: 0, y: 0, z: 0, w: 1}
  m_LocalPosition: {x: 0, y: 24, z: -40}
  m_LocalScale: {x: 1, y: 1, z: 1}
  m_Children: []
  m_Father: {fileID: 322347508}
  m_RootOrder: 0
--- !u!33 &1249921574
MeshFilter:
  m_ObjectHideFlags: 0
  m_PrefabParentObject: {fileID: 0}
  m_PrefabInternal: {fileID: 0}
  m_GameObject: {fileID: 1249921572}
  m_Mesh: {fileID: 4300000, guid: f4bc47d00598045408d54fa9a71ac508, type: 2}
--- !u!23 &1249921575
Renderer:
  m_ObjectHideFlags: 0
  m_PrefabParentObject: {fileID: 0}
  m_PrefabInternal: {fileID: 0}
  m_GameObject: {fileID: 1249921572}
  m_Enabled: 1
  m_CastShadows: 0
  m_ReceiveShadows: 0
  m_LightmapIndex: 255
  m_LightmapTilingOffset: {x: 1, y: 1, z: 0, w: 0}
  m_Materials:
  - {fileID: 2100000, guid: b7dd3aa9b55cbd945a82b1769b075601, type: 2}
  m_SubsetIndices: 
  m_StaticBatchRoot: {fileID: 0}
  m_UseLightProbes: 0
  m_LightProbeAnchor: {fileID: 0}
  m_ScaleInLightmap: 1
  m_SortingLayerID: 0
  m_SortingOrder: 0
--- !u!1 &1488250114
GameObject:
  m_ObjectHideFlags: 0
  m_PrefabParentObject: {fileID: 0}
  m_PrefabInternal: {fileID: 0}
  serializedVersion: 4
  m_Component:
  - 4: {fileID: 1488250115}
  - 111: {fileID: 1488250116}
  m_Layer: 0
  m_Name: MELON_PERS
  m_TagString: Untagged
  m_Icon: {fileID: 0}
  m_NavMeshLayer: 0
  m_StaticEditorFlags: 0
  m_IsActive: 1
--- !u!4 &1488250115
Transform:
  m_ObjectHideFlags: 0
  m_PrefabParentObject: {fileID: 0}
  m_PrefabInternal: {fileID: 0}
  m_GameObject: {fileID: 1488250114}
  m_LocalRotation: {x: 0, y: 0, z: 0, w: 1}
  m_LocalPosition: {x: 0, y: 0, z: 0}
  m_LocalScale: {x: 1, y: 1, z: 1}
  m_Children:
  - {fileID: 1113596267}
  - {fileID: 1825949087}
  - {fileID: 350908262}
  - {fileID: 678037977}
  - {fileID: 590146282}
  m_Father: {fileID: 95878917}
  m_RootOrder: 0
--- !u!111 &1488250116
Animation:
  m_ObjectHideFlags: 0
  m_PrefabParentObject: {fileID: 0}
  m_PrefabInternal: {fileID: 0}
  m_GameObject: {fileID: 1488250114}
  m_Enabled: 1
  serializedVersion: 3
  m_Animation: {fileID: 7400000, guid: f70a2bdf6b473764e9b2b19b5067936c, type: 2}
  m_Animations:
  - {fileID: 7400000, guid: a8f0a8903831a87438735bba8490e712, type: 2}
  - {fileID: 7400000, guid: 85f7a932a931cee47b2ef42b8738835b, type: 2}
  - {fileID: 7400000, guid: 62e18de480b6dd64c8067c2ec778ea52, type: 2}
  - {fileID: 7400000, guid: 92b9a1e7abc4e2149a5b250a5bfdc920, type: 2}
  - {fileID: 7400000, guid: f2081b5a3fffe9747a2eab03c6899480, type: 2}
  - {fileID: 7400000, guid: adec430c68d11c84d98cdf1bed48a5d6, type: 2}
  - {fileID: 7400000, guid: f70a2bdf6b473764e9b2b19b5067936c, type: 2}
  m_WrapMode: 0
  m_PlayAutomatically: 0
  m_AnimatePhysics: 0
  m_CullingType: 0
--- !u!1 &1773939348
GameObject:
  m_ObjectHideFlags: 0
  m_PrefabParentObject: {fileID: 0}
  m_PrefabInternal: {fileID: 0}
  serializedVersion: 4
  m_Component:
  - 4: {fileID: 1773939349}
  - 23: {fileID: 1773939351}
  - 33: {fileID: 1773939350}
  m_Layer: 0
  m_Name: ROT_O
  m_TagString: Untagged
  m_Icon: {fileID: 0}
  m_NavMeshLayer: 0
  m_StaticEditorFlags: 0
  m_IsActive: 0
--- !u!4 &1773939349
Transform:
  m_ObjectHideFlags: 0
  m_PrefabParentObject: {fileID: 0}
  m_PrefabInternal: {fileID: 0}
  m_GameObject: {fileID: 1773939348}
  m_LocalRotation: {x: 0, y: 0, z: 0, w: 1}
  m_LocalPosition: {x: 21, y: -16, z: -100}
  m_LocalScale: {x: 1, y: 1, z: 1}
  m_Children: []
  m_Father: {fileID: 322347508}
  m_RootOrder: 4
--- !u!33 &1773939350
MeshFilter:
  m_ObjectHideFlags: 0
  m_PrefabParentObject: {fileID: 0}
  m_PrefabInternal: {fileID: 0}
  m_GameObject: {fileID: 1773939348}
  m_Mesh: {fileID: 4300000, guid: ff46c8d17c3f4274586437a4f9fdf743, type: 2}
--- !u!23 &1773939351
Renderer:
  m_ObjectHideFlags: 0
  m_PrefabParentObject: {fileID: 0}
  m_PrefabInternal: {fileID: 0}
  m_GameObject: {fileID: 1773939348}
  m_Enabled: 1
  m_CastShadows: 0
  m_ReceiveShadows: 0
  m_LightmapIndex: 255
  m_LightmapTilingOffset: {x: 1, y: 1, z: 0, w: 0}
  m_Materials:
  - {fileID: 2100000, guid: 2411b298e0700274ab3599055a1625b3, type: 2}
  m_SubsetIndices: 
  m_StaticBatchRoot: {fileID: 0}
  m_UseLightProbes: 0
  m_LightProbeAnchor: {fileID: 0}
  m_ScaleInLightmap: 1
  m_SortingLayerID: 0
  m_SortingOrder: 0
--- !u!1 &1825949086
GameObject:
  m_ObjectHideFlags: 0
  m_PrefabParentObject: {fileID: 0}
  m_PrefabInternal: {fileID: 0}
  serializedVersion: 4
  m_Component:
  - 4: {fileID: 1825949087}
  m_Layer: 0
  m_Name: GLAZ_L_CONTROL
  m_TagString: Untagged
  m_Icon: {fileID: 0}
  m_NavMeshLayer: 0
  m_StaticEditorFlags: 0
  m_IsActive: 1
--- !u!4 &1825949087
Transform:
  m_ObjectHideFlags: 0
  m_PrefabParentObject: {fileID: 0}
  m_PrefabInternal: {fileID: 0}
  m_GameObject: {fileID: 1825949086}
  m_LocalRotation: {x: 0, y: 0, z: 0, w: 1}
  m_LocalPosition: {x: -76.25, y: 55, z: -140}
  m_LocalScale: {x: 1, y: 1, z: 1}
  m_Children:
  - {fileID: 843254870}
  m_Father: {fileID: 1488250115}
  m_RootOrder: 1
--- !u!1 &1869765429
GameObject:
  m_ObjectHideFlags: 0
  m_PrefabParentObject: {fileID: 0}
  m_PrefabInternal: {fileID: 0}
  serializedVersion: 4
  m_Component:
  - 4: {fileID: 1869765430}
  m_Layer: 0
  m_Name: PUPIL_R_CONTROL
  m_TagString: Untagged
  m_Icon: {fileID: 0}
  m_NavMeshLayer: 0
  m_StaticEditorFlags: 0
  m_IsActive: 1
--- !u!4 &1869765430
Transform:
  m_ObjectHideFlags: 0
  m_PrefabParentObject: {fileID: 0}
  m_PrefabInternal: {fileID: 0}
  m_GameObject: {fileID: 1869765429}
  m_LocalRotation: {x: 0, y: 0, z: 0, w: 1}
  m_LocalPosition: {x: -7, y: 3, z: -60}
  m_LocalScale: {x: 1, y: 1, z: 1}
  m_Children:
  - {fileID: 198610708}
  m_Father: {fileID: 2133950302}
  m_RootOrder: 2
--- !u!1 &1954600731
GameObject:
  m_ObjectHideFlags: 0
  m_PrefabParentObject: {fileID: 0}
  m_PrefabInternal: {fileID: 0}
  serializedVersion: 4
  m_Component:
  - 4: {fileID: 1954600732}
  - 23: {fileID: 1954600734}
  - 33: {fileID: 1954600733}
  m_Layer: 0
  m_Name: HAIR
  m_TagString: Untagged
  m_Icon: {fileID: 0}
  m_NavMeshLayer: 0
  m_StaticEditorFlags: 0
  m_IsActive: 1
--- !u!4 &1954600732
Transform:
  m_ObjectHideFlags: 0
  m_PrefabParentObject: {fileID: 0}
  m_PrefabInternal: {fileID: 0}
  m_GameObject: {fileID: 1954600731}
  m_LocalRotation: {x: 0, y: 0, z: 0, w: 1}
  m_LocalPosition: {x: 0, y: 0, z: 0}
  m_LocalScale: {x: 1, y: 1, z: 1}
  m_Children: []
  m_Father: {fileID: 678037977}
  m_RootOrder: 0
--- !u!33 &1954600733
MeshFilter:
  m_ObjectHideFlags: 0
  m_PrefabParentObject: {fileID: 0}
  m_PrefabInternal: {fileID: 0}
  m_GameObject: {fileID: 1954600731}
  m_Mesh: {fileID: 4300000, guid: 5b18f83727c9dd647acedd40d6de4512, type: 2}
--- !u!23 &1954600734
Renderer:
  m_ObjectHideFlags: 0
  m_PrefabParentObject: {fileID: 0}
  m_PrefabInternal: {fileID: 0}
  m_GameObject: {fileID: 1954600731}
  m_Enabled: 1
  m_CastShadows: 0
  m_ReceiveShadows: 0
  m_LightmapIndex: 255
  m_LightmapTilingOffset: {x: 1, y: 1, z: 0, w: 0}
  m_Materials:
  - {fileID: 2100000, guid: 54492995f7980ef45b908a42b7441ade, type: 2}
  m_SubsetIndices: 
  m_StaticBatchRoot: {fileID: 0}
  m_UseLightProbes: 0
  m_LightProbeAnchor: {fileID: 0}
  m_ScaleInLightmap: 1
  m_SortingLayerID: 0
  m_SortingOrder: 0
--- !u!1 &1972497810
GameObject:
  m_ObjectHideFlags: 0
  m_PrefabParentObject: {fileID: 0}
  m_PrefabInternal: {fileID: 0}
  serializedVersion: 4
  m_Component:
  - 4: {fileID: 1972497811}
  - 23: {fileID: 1972497813}
  - 33: {fileID: 1972497812}
  m_Layer: 0
  m_Name: ROT_AA
  m_TagString: Untagged
  m_Icon: {fileID: 0}
  m_NavMeshLayer: 0
  m_StaticEditorFlags: 0
  m_IsActive: 0
--- !u!4 &1972497811
Transform:
  m_ObjectHideFlags: 0
  m_PrefabParentObject: {fileID: 0}
  m_PrefabInternal: {fileID: 0}
  m_GameObject: {fileID: 1972497810}
  m_LocalRotation: {x: 0, y: 0, z: 0, w: 1}
  m_LocalPosition: {x: 0, y: 0, z: -80}
  m_LocalScale: {x: 1, y: 1, z: 1}
  m_Children: []
  m_Father: {fileID: 322347508}
  m_RootOrder: 1
--- !u!33 &1972497812
MeshFilter:
  m_ObjectHideFlags: 0
  m_PrefabParentObject: {fileID: 0}
  m_PrefabInternal: {fileID: 0}
  m_GameObject: {fileID: 1972497810}
  m_Mesh: {fileID: 4300000, guid: 92e23cdd14d376548a8e08ae0dd61e5f, type: 2}
--- !u!23 &1972497813
Renderer:
  m_ObjectHideFlags: 0
  m_PrefabParentObject: {fileID: 0}
  m_PrefabInternal: {fileID: 0}
  m_GameObject: {fileID: 1972497810}
  m_Enabled: 1
  m_CastShadows: 0
  m_ReceiveShadows: 0
  m_LightmapIndex: 255
  m_LightmapTilingOffset: {x: 1, y: 1, z: 0, w: 0}
  m_Materials:
  - {fileID: 2100000, guid: fc55601147a4cef4b829027077796195, type: 2}
  m_SubsetIndices: 
  m_StaticBatchRoot: {fileID: 0}
  m_UseLightProbes: 0
  m_LightProbeAnchor: {fileID: 0}
  m_ScaleInLightmap: 1
  m_SortingLayerID: 0
  m_SortingOrder: 0
--- !u!1 &2133950301
GameObject:
  m_ObjectHideFlags: 0
  m_PrefabParentObject: {fileID: 0}
  m_PrefabInternal: {fileID: 0}
  serializedVersion: 4
  m_Component:
  - 4: {fileID: 2133950302}
  m_Layer: 0
  m_Name: GLAZ_R
  m_TagString: Untagged
  m_Icon: {fileID: 0}
  m_NavMeshLayer: 0
  m_StaticEditorFlags: 0
  m_IsActive: 1
--- !u!4 &2133950302
Transform:
  m_ObjectHideFlags: 0
  m_PrefabParentObject: {fileID: 0}
  m_PrefabInternal: {fileID: 0}
  m_GameObject: {fileID: 2133950301}
  m_LocalRotation: {x: 0, y: 0, z: 0, w: 1}
  m_LocalPosition: {x: 0, y: 0, z: 0}
  m_LocalScale: {x: 1, y: 1, z: 1}
  m_Children:
  - {fileID: 831496680}
  - {fileID: 362107215}
  - {fileID: 1869765430}
  m_Father: {fileID: 350908262}
  m_RootOrder: 0
